4740 6414
929 670 1177 726 -xxx1-

338 859 471 942 noldo
494 857 729 957 Havensio,
752 858 817 939 ed.
840 855 963 961 in-4⁰‚
986 853 1201 954 Coloniae,
1230 882 1329 937 ann.
1362 855 1479 955 1608,
1502 881 1599 961 pag.
1622 856 1759 963 67-74.

394 1094 487 1178 Nos
507 1109 652 1177 autem
665 1093 858 1200 primam
873 1092 1112 1177 Editionem
1133 1094 1267 1196 praelo
1285 1095 1429 1176 denuo
1447 1093 1763 1195 mandavimus,

338 1227 503 1332 quippe
533 1253 631 1332 quae
664 1228 763 1309 fons
798 1241 839 1309 et
871 1240 999 1330 caput
1030 1226 1086 1307 sit
1118 1239 1371 1307 ceterarum.
1411 1224 1586 1308 Nullam
1623 1241 1765 1308 textus

340 1360 703 1459 immutationem,
725 1358 877 1442 saltem
907 1358 1087 1464 alicujus
1119 1357 1344 1456 momenti,
1367 1356 1547 1439 fecimus
1573 1357 1678 1462 quin
1708 1357 1764 1438 si·

340 1491 429 1572 mul
451 1506 554 1573 uota
574 1490 692 1573 illam
712 1491 1059 1589 indicaverimus,
1084 1515 1182 1570 cum
1212 1515 1301 1570 non
1332 1515 1430 1569 raro
1449 1488 1516 1570 vel
1539 1488 1582 1569 in
1612 1487 1765 1570 erratis

340 1623 395 1703 sit
423 1622 585 1704 utilitas
619 1622 674 1703 ad
705 1620 898 1704 historiae
923 1619 1069 1720 fidem,
1101 1636 1142 1702 et
1175 1621 1344 1702 mendae
1380 1620 1486 1724 ipsae
1512 1620 1760 1724 loquantur.

391 1859 452 1941 Ex
474 1858 554 1940 hac
578 1854 632 1939 D.
657 1855 846 1940 Mauritii
878 1856 1072 1940 Historia
1098 1858 1336 1940 hauserunt
1362 1883 1515 1938 omnes
1548 1870 1765 1961 quotquot

339 1991 393 2072 de
413 1989 574 2071 nostris
594 1988 748 2094 Anglis
769 1987 1032 2094 Martyribus
1053 1990 1278 2094 scripsere.

394 2119 555 2203 Praeter
587 2119 829 2203 Sanderum
861 2122 938 2222 (De
964 2119 1149 2224 Origine
1177 2148 1227 2201 ac
1251 2147 1491 2226 progressu
1523 2119 1764 2202 schismatis

338 2253 576 2358 anglicani,
611 2279 652 2357 p.
690 2253 765 2334 126
803 2267 845 2334 et
883 2279 973 2357 seq.
1011 2252 1112 2334 edit.
1154 2278 1264 2334 rom.
1306 2278 1375 2332 an.
1418 2251 1548 2352 1586),
1590 2251 1763 2334 Surium
1793 2272 2054 2399 tyqquoeflqffigr·

342 2384 688 2467 Commentarius
708 2384 845 2465 brevis
871 2411 1017 2465 rerum
1049 2384 1093 2466 in
1125 2382 1225 2465 orbe
1249 2395 1520 2488 gestarum...
1546 2381 1761 2486 Colonia,
2031 2369 2037 2382 ⁸

345 2516 462 2623 1574,
485 2516 620 2614 in-12,
639 2542 679 2620 p.
701 2516 779 2598 263
800 2530 842 2596 et
863 2519 985 2620 seq),
1001 2530 1042 2596 et
1061 2513 1284 2597 Molanum
1306 2515 1433 2619 (apud
1454 2512 1762 2616 Bollandistas,

338 2663 368 2728 t.
402 2645 516 2729 XIV.
547 2675 589 2752 p.
621 2675 718 2752 442,
743 2660 786 2747 4ο
804 2647 873 2762 (tie
902 2645 1033 2747 Maii),
1056 2647 1318 2751 omissisque
1347 2646 1658 2728 recentioribus
1687 2675 1763 2729 an·

338 2779 460 2887 glicis
479 2779 600 2861 libris
621 2778 713 2883 pari
742 2778 900 2882 pietate
920 2805 969 2860 ac
989 2777 1164 2883 ingenio
1194 2779 1450 2883 conscriptis
1470 2779 1544 2884 qui
1565 2781 1761 2862 omnium

338 2911 541 2994 manibus
561 2923 776 3008 teruntur,
799 2910 1150 3014 operaepretium
1177 2923 1241 2992 est
1262 2910 1393 2992 citare
1416 2941 1424 2991 :

395 3177 430 3247 1⁰
460 3163 664 3247 Historia
690 3165 741 3247 de
773 3166 838 3247 Ios
868 3158 1013 3246 santos
1046 3163 1258 3247 Martires
1283 3165 1334 3246 de
1369 3165 1412 3246 la
1445 3165 1655 3260 Cartuxa,
1684 3195 1764 3274 que

329 3295 587 3402 padecieron
611 3324 659 3379 en
687 3296 884 3379 Londres
895 3331 912 3391 ;
934 3295 1132 3401 dirigida
1157 3325 1183 3376 a
1210 3297 1268 3379 los
1295 3296 1651 3401 religiosissimos
1673 3297 1761 3381 Pa·

334 3428 432 3510 dres
450 3428 590 3510 Prior
603 3457 635 3534 y
648 3427 835 3533 Monges
855 3428 923 3509 del
940 3425 1210 3510 Monasterio
1225 3429 1275 3510 de
1292 3429 1489 3511 Cartuxa
1505 3430 1556 3510 de
1574 3428 1760 3513 Sevilla:
1821 3460 1978 3526 nuptum.

333 3561 463 3642 hecha
482 3562 633 3667 porei
663 3559 892 3643 licentiado
923 3559 1172 3642 Christoval
1199 3560 1239 3642 T
1236 3560 1415 3667 amaria.
1436 3559 1618 3663 (Sevilla,
1641 3563 1759 3668 1584,

335 3691 455 3773 in-80.
479 3741 527 3753 -
548 3690 738 3794 Poema.)

389 3835 428 3905 2⁰
445 3822 509 3906 El
528 3824 728 3929 glorioso
757 3824 970 3908 Martirio
1001 3853 1082 3932 que
1103 3826 1358 3932 padecieron
1385 3826 1451 3907 los
1475 3837 1621 3908 santos
1648 3828 1758 3911 Car-

335 3968 460 4038 tuxos
472 3984 560 4063 por
577 3955 746 4040 Enrico
767 3972 908 4040 octavo
925 3985 974 4038 en
990 3958 1033 4039 la
1052 3985 1168 4062 gran
1189 3957 1429 4040 Bretana...
1454 3957 1498 4040 in
1519 3984 1649 4065 opere
1671 3958 1758 4042 Ca·

336 4087 479 4169 nonici
498 4085 662 4192 Ioseph
681 4088 735 4170 de
754 4087 901 4170 Valles
922 4089 988 4171 cui
1009 4089 1160 4171 titulus
1184 4119 1192 4170 :
1223 4089 1402 4171 Primer
1421 4089 1614 4173 instituto
1642 4093 1692 4173 de
1714 4093 1757 4174 Ia

335 4216 542 4322 Sagrada
557 4217 766 4323 Religion
780 4220 832 4301 de
849 4220 892 4301 Ia
916 4220 1126 4303 Cartuxa.
1145 4219 1345 4322 (Madrid,
1367 4223 1487 4326 16633
1506 4220 1756 4326 Barcelona‚

342 4375 459 4458 1792,
482 4348 618 4451 in-80.)

389 4480 429 4563 3⁰
460 4479 657 4564 Londres
697 4493 734 4565 et
773 4481 998 4577 Grenoble,
1024 4483 1170 4567 Henri
1202 4485 1321 4570 VIII
1345 4498 1382 4567 et
1408 4485 1467 4568 les
1495 4487 1753 4583 Chartreux,

333 4610 553 4716 Mignard
582 4625 621 4695 et
649 4614 709 4697 les
740 4615 967 4720 supplices,
989 4629 1164 4699 auctore
1190 4614 1393 4722 Pierquin
1414 4619 1467 4702 de
1492 4617 1753 4703 Gembloux.

332 4742 666 4851 (Gratianopoli,
690 4744 810 4847 1838,
834 4745 957 4845 in-80,
980 4774 1030 4829 aa
1052 4758 1111 4852 p.)
