4740 6414
928 685 1143 736 ..11-

315 869 492 991 quidem
517 867 713 957 secundis
739 866 900 988 nuptiis
926 898 1031 988 quas
1059 873 1148 957 Rex
1173 867 1416 990 (repudiata
1441 892 1486 958 et
1517 870 1748 990 superstite

319 1027 368 1110 D.
390 1019 630 1111 Catharina
656 1019 797 1140 prima
821 1049 959 1108 uxore
985 1019 1075 1139 sua)
1100 1050 1199 1109 cum
1229 1019 1415 1139 quadam
1444 1027 1570 1108 Anna
1596 1051 1746 1140 super-

316 1171 457 1280 ducta,
482 1199 601 1258 anno
633 1166 809 1257 Domini
848 1172 1160 1257 M.D.XXXIV
1192 1168 1411 1257 celebrare
1445 1168 1745 1282 constituerat,

316 1317 584 1409 tumuerbis
611 1339 707 1407 tum
733 1316 898 1435 scriptis
923 1317 1241 1407 contradiceret
1269 1352 1277 1405 :
1310 1316 1467 1405 deinde
1493 1349 1616 1407 novae
1641 1349 1747 1407 con-

316 1468 531 1559 stitutioni
556 1468 690 1557 totius
716 1465 901 1556 Concilii
924 1497 999 1555 seu
1026 1466 1287 1556 Parlamenti
1310 1466 1418 1586 regii
1444 1468 1557 1588 (quae
1587 1475 1748 1588 Regem

316 1618 456 1741 ipsum
473 1648 726 1740 supremum
741 1639 840 1736 post
862 1616 1103 1730 Christum,
1124 1639 1213 1705 tam
1238 1617 1283 1706 in
1307 1616 1598 1737 spiritualibus
1616 1649 1747 1737 quam

316 1768 643 1888 temporalibus,
673 1765 798 1886 regni
824 1789 968 1886 caput,
999 1766 1078 1854 sub
1104 1797 1234 1886 poena
1259 1795 1493 1886 corporum
1526 1788 1570 1853 et
1600 1797 1748 1855 rerum

315 1920 369 2008 ab
395 1917 600 2007 omnibus
627 1914 946 2036 suscipiendum
976 1936 1021 2002 et
1047 1915 1305 2029 tenendum,
1334 1937 1378 2002 et
1408 1946 1585 2004 omnem
1622 1916 1748 2004 aliam

314 2092 438 2157 extra
452 2097 639 2186 regnum
660 2064 988 2155 Ecclesiasticam
1006 2088 1266 2186 potestatem
1285 2066 1602 2185 abnegandam,
1623 2066 1746 2156 schis-

314 2217 471 2307 matica
495 2215 743 2306 temeritate
767 2215 1063 2335 mandaverat)
1087 2247 1192 2328 sese,
1220 2215 1300 2305 Dei
1323 2214 1453 2305 solius
1486 2238 1531 2303 et
1556 2216 1748 2305 veritatis

314 2368 493 2482 intuitu,
527 2387 779 2456 constanter
802 2389 1061 2487 opponeret,
1092 2396 1171 2485 per
1198 2365 1401 2455 satellites
1423 2366 1595 2486 publica
1621 2389 1746 2486 pote-

316 2539 425 2607 state
451 2516 761 2637 apprehensus,
783 2536 828 2602 et
845 2513 890 2602 in
908 2544 1005 2602 arce
1031 2545 1106 2603 seu
1132 2514 1259 2603 Turri
1287 2514 1574 2604 londoniensi
1601 2514 1748 2603 multis
1783 2535 2040 2601 warato-5³4·

315 2667 467 2758 diebus
483 2664 675 2785 captivus
693 2665 896 2753 detentus
913 2686 993 2752 est.

378 2817 491 2906 Hinc
513 2819 594 2903 XV
618 2815 832 2905 Calendas
858 2812 974 2926 Julii,
1006 2843 1123 2900 anno
1150 2818 1326 2922 XXXV,
1355 2815 1605 2934 productus,
1627 2837 1671 2902 et
1694 2816 1748 2903 ad

315 2966 478 3058 curiam
506 2994 642 3086 prope
677 2961 1113 3052 Westmonasterium
1147 2960 1365 3081 frequenti
1406 2964 1638 3053 satellitum
1678 2995 1746 3053 ar-

315 3137 535 3203 matorum
578 3113 737 3233 stipatu
778 3112 1018 3233 perductus>
1049 3133 1127 3224 est,
1166 3111 1324 3230 partim
1364 3112 1551 3231 navigio,
1589 3113 1746 3233 partim

316 3295 447 3384 equo,
479 3264 539 3354 ob
564 3260 804 3383 corpusculi
831 3260 1101 3350 debilitatem
1127 3292 1256 3380 quarn
1285 3284 1442 3381 praeter
1468 3285 1640 3351 aetatem
1669 3294 1745 3352 au-

316 3436 439 3504 xerat
464 3412 644 3502 carceris
676 3410 1023 3522 incommoditas,
1054 3409 1152 3498 licet
1180 3410 1272 3530 ipse
1306 3412 1598 3501 valetudinem
1625 3445 1745 3502 suam

316 3563 487 3688 jejuniis
519 3586 564 3652 et
595 3561 762 3682 vigiliis,
792 3561 942 3651 studiis
971 3583 1016 3649 et
1048 3559 1267 3649 laboribus
1294 3592 1342 3649 ac
1371 3563 1583 3682 lacrymis,
1613 3564 1745 3652 vehe-

316 3739 490 3805 menter
514 3736 800 3834 aggravasset.
833 3713 906 3801 llle
938 3742 1059 3825 vem,
1090 3711 1261 3800 tametsi
1289 3743 1381 3800 non
1407 3712 1631 3831 ignoraret
1654 3718 1746 3837 ejus

316 3861 579 3984 cognitionis
595 3861 779 3975 exitum,
802 3860 908 3948 nihil
927 3883 1075 3948 tamen
1092 3861 1370 3979 perturbatus
1386 3885 1465 3975 est,
1487 3863 1562 3951 sed
1577 3864 1745 3981 placido

317 4045 366 4104 ac
379 4044 516 4134 prope
533 4012 666 4102 etiam
691 4012 746 4100 ad
771 4009 1033 4123 hilaritatem
1058 4012 1183 4099 vultu
1207 4012 1464 4132 composit0,
1483 4015 1536 4101 ad
1555 4013 1745 4103 tribunal

315 4163 597 4252 evocantibus
619 4161 776 4281 paruit.
807 4165 1010 4279 Cumque
1035 4190 1165 4279 super
1190 4161 1371 4280 objectis
1396 4161 1584 4251 articulis
1607 4161 1744 4250 inter-

317 4334 562 4432 rogaretur,
582 4316 706 4435 juxta
723 4316 776 4400 D.
799 4311 978 4399 Thomae
1003 4309 1112 4397 Mori
1138 4333 1183 4398 et
1205 4309 1387 4399 aliorum
1406 4311 1480 4430 qui
1504 4335 1747 4431 sequuntur

319 4467 561 4583 Martyrum
602 4490 806 4581 responsa
850 4460 896 4548 in
928 4459 1209 4579 sequentibus
1246 4458 1377 4548 fusius
1416 4492 1630 4579 expressa,
1668 4493 1746 4582 per

317 4611 466 4702 omnia
494 4610 704 4701 catholice
736 4610 974 4732 respondit,
997 4611 1105 4699 adeo
1137 4633 1187 4700 ut
1219 4609 1484 4699 mirarentur
1516 4613 1745 4701 adversarii

316 4763 671 4857 conformitatem
719 4793 1043 4883 responsorum,
1085 4758 1324 4849 nescientes
1364 4792 1504 4849 unum
1544 4762 1746 4852 Veritatis
