1481 1781
559 271 585 274 -
599 266 625 286 97
639 270 666 274 -

254 312 319 340 tibus,
334 312 389 335 mira
407 312 519 341 suavitate,
534 318 635 342 tempore
651 320 696 343 quo
715 318 739 335 et
757 312 865 335 Monachi.
882 314 914 335 De
929 312 969 335 hac

253 349 384 373 sanctissima
402 349 473 379 Missa,
488 349 536 380 pius
553 351 617 372 Pater
632 355 707 372 noster
722 349 858 372 mentionem
876 349 927 372 fecit
945 350 968 373 in

253 387 354 417 proxima
369 387 515 410 conventione
533 388 639 416 Fratrum,
650 395 700 410 cum
717 387 785 410 multa
800 387 919 417 gratiarum
933 394 968 410 ac—

253 424 315 447 tione
325 430 349 447 et
356 424 435 447 devota
447 424 597 447 admonitione
604 424 661 447 utin
670 424 739 455 gratia
752 424 794 447 Dei
805 430 967 455 permanerent,

255 469 294 492 per
298 461 403 484 instantes
409 462 527 491 orationes,
536 467 559 485 et
567 467 663 484 sanctam
671 461 859 485 conversationem
868 462 890 484 in
895 462 968 484 humi-

254 498 315 522 litate
325 499 450 528 radicatam,
458 505 481 522 et
488 499 575 522 filialem
586 499 696 522 timorem.
706 500 867 530 Subjunxitque
880 508 884 522 :
896 509 907 521 α
917 501 968 522 Non

253 542 344 567 propter
354 544 398 565 me,
408 537 445 559 sed
456 542 548 567 propter
558 542 651 559 vestram
663 537 799 560 sanctitatem
810 537 855 559 haec
866 542 968 567 operatus

254 579 287 597 est
302 575 366 597 Deus.
380 583 392 595 ι
408 574 452 596 Illic
463 580 511 597 erat
523 574 558 604 pia
569 574 594 597 lis
606 580 629 597 et
646 574 787 603 concertatio,
802 574 850 605 quis
866 574 968 597 humilius

252 611 345 634 sentiret
355 612 382 634 de
394 611 471 642 seipso.
487 613 552 634 Pater
563 612 697 635 attribuebat
706 612 779 634 omnia
788 611 899 634 devotioni
911 612 967 634 filio-

252 656 310 677 rum,
320 649 357 671 fflii
369 656 421 671 vero
434 649 509 671 omnia
519 649 627 672 sanctitati
642 655 665 671 et
674 649 757 671 meritis
770 649 845 671 Patris.

287 688 377 714 Quanta
394 692 468 710 autem
486 686 510 710 in
526 686 566 710 hac
582 686 753 717 congregatione
770 692 820 717 post
837 686 893 710 hanc
909 686 967 710 diem

252 724 320 747 fuerit
336 725 439 747 instantia
454 732 551 755 precum,
566 732 613 747 non
627 729 660 747 est
676 732 729 747 meae
744 724 889 755 possibilitatis
903 732 967 747 enar-

254 770 312 790 rare3
327 762 439 792 quomodo
451 762 517 784 etiam
528 762 696 793 perseverabant
707 762 841 785 unanimiter
851 762 875 784 in
886 762 967 785 oratio-

253 799 316 822 nibus
332 799 367 822 die
386 807 410 822 ac
430 805 503 828 nocte,
518 805 540 822 et
557 799 670 830 quomodo
688 799 858 830 prosternebant
876 807 899 822 se
918 805 968 822 ante

252 844 363 859 summum
380 837 447 859 altare
465 843 515 867 post
533 837 657 866 Matutinas⁷
672 837 806 867 postulantes
821 837 925 860 auxilium
941 837 968 860 de

252 879 335 902 sancto,
345 879 371 896 ut
382 874 510 904 dignaretur
523 875 581 897 Deus
592 874 649 897 tueri
661 882 706 897 eos.
724 876 746 897 Ο
759 874 844 904 quoties
858 874 969 905 replicavit

254 913 318 934 Pater
330 911 392 934 Prior
402 911 460 934 illam
472 911 595 934 orationem
609 912 678 935 David
690 921 695 934 :
710 913 754 942 Ego
766 919 812 934 sum
823 912 861 942 qui
872 912 965 942 peccavi,

252 957 295 979 ego
311 949 348 979 qui
364 949 439 979 inique
456 949 500 979 egi3
522 949 567 971 istae
586 957 636 972 oves
657 949 709 980 quid
729 948 845 971 fecerunt?
864 951 968 972 Vertatur

252 987 343 1010 obsecro
360 995 437 1009 manus
454 993 491 1009 tua
509 987 532 1009 in
547 995 590 1016 me,
607 992 630 1009 et
645 987 668 1009 in
685 987 775 1009 domum
792 987 858 1017 patris
876 986 925 1010 tnei.
943 988 967 1010 Et

253 1025 306 1047 illud
318 1033 323 1047 ε
340 1026 402 1047 Pater
413 1030 493 1053 sancte,
507 1032 567 1047 serva
581 1032 618 1047 eos
629 1024 652 1047 in
664 1024 753 1046 nomine
766 1029 813 1052 tuo,
824 1031 879 1054 quos
891 1024 967 1047 dedisti

253 1062 313 1085 mihi.
332 1063 403 1084 Taceo
415 1062 442 1084 de
456 1062 529 1084 multis
547 1062 592 1084 aliis
608 1061 736 1092 lugubribus
750 1061 931 1084 conventionibus
945 1067 968 1084 et

252 1100 372 1123 actionibus
385 1107 433 1130 quae
444 1099 474 1122 ibi
486 1105 552 1130 gestae
562 1099 660 1122 fuerunt.

283 1139 376 1166 Interea,
388 1137 441 1159 dum
453 1137 499 1160 haec
510 1137 540 1159 ita
552 1145 574 1160 se
586 1137 700 1165 haberent,
711 1142 837 1166 opponente
850 1144 872 1159 se
880 1136 967 1160 fortiter

252 1177 315 1198 Patre
331 1182 419 1197 murum
435 1182 476 1205 pro
488 1174 555 1197 domo
571 1175 642 1204 Israel,
658 1179 681 1196 et
696 1179 766 1196 stante
780 1182 807 1196 ex
824 1174 914 1197 adverso
926 1181 966 1205 pro

253 1212 356 1235 omnibus
364 1212 403 1234 sibi
415 1211 540 1241 commissis,
550 1218 573 1235 et
580 1220 621 1235 nec
629 1211 693 1234 minis
701 1219 741 1234 nec
749 1211 858 1234 blanditiis
866 1212 965 1240 cedente,

252 1250 290 1272 sed
304 1249 442 1280 praestolante
460 1249 578 1272 adventum
597 1248 777 1272 Consiliariorum
794 1249 878 1271 domini
896 1249 965 1279 Regis,

252 1287 290 1317 qui
299 1287 393 1309 edictum
402 1288 448 1317 ejus
455 1292 634 1317 exsequerentur,
642 1287 779 1309 Reverendus
789 1288 853 1309 Pater
860 1287 967 1310 Robertus

933 1325 948 1339 13

994 918 1087 935 rmeffimv,
1093 922 1112 935 {7-

996 1031 1084 1047 aunan-1,
1093 1035 1112 1044 n.
