4740 6414
1218 683 1459 740 -122-

624 898 802 979 nonam,
831 866 1175 989 perveniensque
1212 869 1267 957 ad
1298 867 1462 959 dictum
1487 870 1632 961 locum
1666 872 1805 963 voluit
1833 905 1877 963 se
1909 875 2055 967 statim

623 1017 860 1108 immittere
901 1039 946 1107 et
984 1047 1077 1106 non
1106 1017 1287 1146 potuit,
1323 1019 1718 1143 perambulansque
1755 1054 1885 1145 super
1912 1025 2050 1147 ripam

623 1165 814 1258 fluminis
835 1168 920 1258 huc
942 1189 1074 1288 atque
1090 1166 1191 1258 illuc
1214 1199 1351 1290 usque
1374 1170 1429 1259 ad
1450 1170 1605 1260 horam
1630 1172 1921 1290 undecimam,
1941 1207 2054 1297 saepe

623 1317 809 1409 tentavit
836 1349 962 1408 suum
992 1316 1193 1438 iniquum
1229 1322 1489 1439 conceptum
1524 1320 1748 1440 perficere,
1777 1324 1851 1412 sed
1881 1355 2055 1447 semper

623 1466 983 1590 praepediebatur.
1019 1472 1223 1587 Cumque
1249 1467 1537 1558 conveniente
1569 1471 1624 1560 ad
1657 1471 1890 1562 Matutinas
1928 1480 2052 1565 Con·

623 1640 760 1708 ventu
786 1618 876 1739 ipse
902 1618 1093 1706 tardaret
1115 1616 1280 1733 venire,
1305 1648 1497 1739 egressus
1526 1642 1591 1709 est
1612 1620 1874 1713 infirmarius
1906 1655 2052 1714 accer-

210 1879 211 1882 .
334 1789 597 1904 neqlgogfflotn·
624 1769 753 1859 situm
771 1799 888 1882 eum,
909 1799 1051 1889 eoque
1075 1798 1167 1857 non
1188 1767 1369 1857 invento
1391 1768 1436 1858 in
1458 1771 1578 1886 cella,
1598 1770 1854 1892 significavit
1883 1774 2053 1865 Priori*

292 1926 296 1933 ’
623 1919 697 2041 qui
725 1950 823 2009 cum
851 1917 940 2007 aliis
965 1917 1143 2008 veniens
1174 1917 1220 2006 in
1256 1920 1407 2007 cellam
1432 1919 1635 2036 absentis,
1666 1920 1869 2012 viderunt
1893 1925 2050 2014 scalam

620 2069 817 2160 innixam
850 2099 978 2157 muro
1011 2066 1127 2156 horti
1161 2067 1277 2156 cellae
1310 2099 1410 2184 suae,
1443 2098 1522 2189 per
1555 2101 1687 2191 quam
1719 2072 1917 2193 suspicati
1948 2097 2053 2165 sunt

620 2219 742 2310 illum
777 2216 926 2339 fugam
957 2216 1124 2332 fecisse3
1156 2217 1268 2307 hanc
1297 2239 1445 2307 tamen
1474 2240 1587 2308 nutu
1619 2219 1700 2310 Dei
1735 2252 1846 2310 unus
1873 2221 2051 2312 illorum

619 2370 841 2484 scandens,
881 2365 1141 2488 introspexit
1175 2365 1221 2454 in
1259 2367 1439 2456 hortum
1477 2371 1824 2461 conventualem.
1870 2376 1918 2462 Et
1949 2404 2050 2463 ecce

619 2519 726 2610 vidit
762 2517 907 2608 statim
946 2517 1057 2607 circa
1094 2516 1300 2639 piscinam
1340 2517 1489 2605 lumen
1524 2549 1754 2639 magnum,
1791 2521 1911 2641 quod
1949 2552 2049 2612 cum

622 2670 737 2761 Patri
758 2700 837 2760 suo
863 2667 1000 2758 Priori
1023 2667 1201 2789 aliisque
1227 2666 1492 2757 adstantibus
1513 2666 1737 2787 indicaret,
1763 2693 2051 2761 cucurrerunt

617 2821 717 2911 illuc
743 2851 895 2909 omnes
921 2850 1020 2909 cum
1048 2817 1341 2907 festinatione.
1377 2823 1482 2924 Quo
1506 2817 1686 2939 ingressi
1713 2820 1916 2911 viderunt
1947 2827 2045 2913 Fra-

617 2994 732 3061 trem
751 2971 1048 3060 ambulantem
1069 2967 1116 3057 in
1141 2998 1230 3057 una
1253 2989 1375 3088 parte
1396 2966 1583 3088 piscinae,
1604 3000 1716 3089 saepe
1741 2993 1976 3060 conantem
2002 3003 2048 3060 se

500 3168 501 3172 κ
618 3149 817 3240 mergere
855 3141 900 3209 et
930 3147 1101 3238 semper
1133 3118 1375 3238 repulsum,
1411 3118 1649 3239 lumenque
1689 3151 1898 3240 magnum
1937 3122 2048 3245 (non

617 3270 869 3359 omnessed
891 3269 979 3358 duo
1004 3289 1176 3357 tantum
1198 3264 1369 3385 eorum)
1385 3265 1588 3356 viderunt
1611 3266 1657 3357 in
1682 3270 1817 3358 altera
1839 3294 1980 3392 parte,
2000 3271 2048 3361 in

618 3450 703 3540 qua
734 3418 1007 3508 affirmabant
1030 3446 1111 3537 pro
1137 3438 1258 3505 certo
1283 3414 1430 3505 videre
1458 3446 1502 3504 se
1530 3414 1664 3505 etiam
1695 3423 1842 3508 Patres
1873 3443 2048 3512 nostros

616 3599 768 3688 omnes
786 3566 860 3689 qui
880 3565 988 3687 passi
1005 3563 1194 3679 fuerant,
1214 3563 1556 3654 intromittentes
1573 3597 1617 3655 se
1641 3565 1758 3656 inter
1785 3573 1979 3660 Fratrem
2002 3594 2049 3661 et

615 3748 788 3839 aquam,
809 3715 1167 3837 quotiescumque
1191 3715 1421 3806 attentavit
1444 3745 1487 3804 se
1514 3714 1777 3837 immergere
1794 3721 1863 3808 vel
1879 3719 2047 3811 immit-

615 3889 724 3957 tere.
754 3872 867 3957 Cum
891 3896 996 3956 vero
1020 3865 1088 3955 isti
1111 3863 1467 3986 approximarent
1492 3864 1597 3985 ripae
1622 3865 1809 3987 piscinae,
1825 3868 2049 3991 'disparuit

614 4019 778 4132 lumen,
799 4016 1251 4136 comprehensumque
1282 4019 1488 4132 Fratrem,
1509 4038 1607 4106 toto
1636 4047 1821 4138 corpore
1847 4041 2046 4112 tremen-

614 4189 705 4256 tem
727 4166 887 4287 vixque
913 4164 1033 4287 loqui
1056 4166 1289 4280 valentem,
1310 4165 1532 4256 duxerunt
1554 4164 1602 4255 in
1625 4167 1775 4255 cellam
1808 4199 1945 4286 suam,
1967 4172 2048 4263 ubi

614 4346 722 4439 pyra
761 4346 937 4406 accensa
973 4338 1019 4404 et
1047 4313 1200 4435 spiritu
1238 4319 1330 4437 ejus
1367 4311 1623 4430 refocillat0,
1656 4314 2046 4437 interrogaverunt

615 4497 716 4556 eum
728 4465 935 4587 quidnam
952 4462 1092 4554 facere
1107 4463 1378 4554 intendebat.
1400 4463 1638 4585 Respondit
1653 4464 1725 4555 ille
1741 4496 1785 4556 se
1802 4468 2044 4588 perrexisse

615 4617 715 4706 illuc
737 4638 787 4705 ut
810 4646 854 4706 se
875 4614 1158 4735 immergeret
1182 4636 1228 4704 et
1252 4613 1375 4704 citius
1400 4613 1660 4704 liberaretur
1685 4646 1741 4705 ex
1764 4617 1845 4706 hac
1866 4618 2041 4710 mortali

617 4766 719 4882 vita,
746 4765 881 4856 sciens
906 4765 1159 4854 damnatum
1177 4794 1221 4853 se
1238 4795 1328 4854 esse
1349 4798 1358 4854 :
1387 4801 1410 4850 α
1429 4766 1504 4854 sed
1519 4795 1612 4855 non
1626 4765 1768 4887 potui,
1789 4765 1864 4883 ait,
1885 4768 2041 4859 deten-
