4740 6414
1204 703 1256 716 -
1290 657 1364 740 108
1391 702 1445 718 -

615 865 885 981 crudelitate,
912 888 1078 955 erectos
1107 868 1161 956 ad
1188 811 1331 988 postes
1363 890 1409 957 et
1437 870 1660 959 columnas
1686 870 1856 984 domus,
1880 869 2044 990 absque

615 1017 705 1106 ullo
740 1015 1002 1105 relevamine
1033 1017 1101 1106 vel
1129 1016 1346 1106 solutione
1376 1048 1459 1138 pro
1487 1050 1761 1140 quacumque
1789 1018 2045 1109 necessitate

326 1265 403 1302 ,om
416 1266 484 1303 mm·
616 1163 824 1256 facienda.
862 1165 946 1255 Illis
983 1165 1329 1256 hebdomadibus
1367 1168 1605 1283 transactis,
1638 1169 1884 1289 praesentati
1917 1190 2046 1259 erant

616 1315 800 1406 concilio
829 1346 1039 1430 seorsum,
1065 1315 1141 1406 ubi
1169 1314 1427 1436 interrogati
1461 1315 1642 1408 fuerunt
1669 1318 1722 1407 de
1750 1319 1907 1408 eodem
1937 1317 2044 1408 arti·

616 1467 714 1556 culo
745 1467 804 1555 ob
833 1497 965 1586 quem
993 1465 1088 1586 pius
1120 1470 1246 1554 Pater
1270 1488 1419 1554 noster
1446 1489 1574 1556 antea
1596 1489 1848 1588 peremptus
1871 1440 2041 1582 fuerat3

616 1637 661 1704 et
682 1616 840 1704 eodem
869 1615 1001 1703 modo
1028 1613 1088 1702 eis
1111 1614 1441 1735 proponebatur
1465 1648 1554 1737 quo
1590 1640 1635 1706 et
1672 1615 1800 1706 Patri.
1838 1622 2044 1737 Cumque

616 1795 660 1853 se
692 1766 809 1853 nolle
840 1763 1022 1853 decretis
1054 1785 1100 1852 et
1134 1765 1436 1855 consuetudini
1477 1789 1632 1857 sanctae
1671 1766 1819 1856 matris
1853 1764 2044 1856 Ecclesiae

616 1913 831 2003 contraire
868 1911 1211 2002 constantissime
1249 1914 1578 2033 profiterentur,
1611 1916 1774 2006 eisdem
1811 1915 2040 2037 supplici0,

615 2085 839 2153 tormento
863 2085 908 2152 et
932 2060 1064 2151 morti
1090 2061 1321 2183 adjudicati
1350 2086 1479 2179 sunt;
1511 2087 1557 2154 et
1579 2067 1730 2156 eadem
1755 2066 1869 2156 infra
1890 2067 2043 2156 decem

616 2213 704 2303 dies
727 2211 835 2333 passi
861 2233 977 2326 sunt,
998 2243 1095 2332 quae
1119 2233 1164 2299 et
1185 2216 1325 2300 Pater.

679 2360 734 2450 Hi
760 2384 859 2471 tres,
882 2364 1058 2480 juvenes
1084 2382 1210 2448 erant
1230 2382 1373 2475 aetate,
1393 2361 1515 2451 senili
1541 2385 1690 2451 tamen
1713 2363 1878 2479 animo,
1903 2363 2044 2484 gratia

614 2534 660 2601 et
680 2509 912 2601 virtutibus
934 2508 1052 2630 pleni
1073 2510 1373 2631 praeclaraeque
1389 2511 1613 2632 prosapia,
1631 2535 1676 2602 et
1697 2512 1850 2604 tertius
1867 2543 2039 2628 eorum,

618 2667 745 2751 Pater
761 2658 1047 2774 Sebastianus,
1071 2655 1214 2752 fuerat
1236 2662 1452 2753 enutritus
1476 2660 1523 2750 in
1546 2661 1679 2750 domo
1697 2661 1863 2751 domini
1891 2661 2038 2784 Regis,

615 2840 767 2900 omnes
791 2807 986 2928 apprime
1013 2809 1129 2898 docti
1154 2833 1199 2900 et
1221 2843 1389 2932 magnae
1417 2809 1684 2926 constantiae,
1711 2811 1916 2901 audacter
1937 2812 2036 2902 alle·

615 2981 767 3080 gantes
791 2958 845 3046 de
873 2955 1101 3076 Scripturis
1131 2961 1294 3050 Sanctis
1323 2982 1424 3050 ante
1456 2959 1647 3050 tribunal
1674 2960 1890 3073 iudicum,
1921 2961 2042 3079 quod

618 3115 708 3199 Rex
744 3140 836 3198 non
870 3107 1014 3228 potuit
1048 3107 1127 3198 sibi
1161 3109 1390 3198 vendicare
1423 3140 1480 3197 ex
1512 3107 1662 3197 debito
1698 3130 1744 3197 et
1782 3107 2042 3198 auctoritate

357 3433 459 3486 Marta·
475 3449 530 3498 zu,
549 3433 587 3487 18-
619 3415 742 3531 Papae
771 3430 817 3497 et
845 3407 1136 3497 sacerdotibus
1167 3407 1319 3497 tribuit
1344 3412 1464 3497 Jesus
1491 3405 1689 3497 Christus
1714 3405 1928 3495 Dominus
1956 3436 2041 3495 no-

614 3582 715 3650 ster.
752 3563 1015 3677 lveruntque
1051 3558 1105 3646 ad
1139 3580 1328 3647 mortem
1353 3555 1472 3677 quasi
1497 3556 1552 3645 ad
1573 3557 1735 3676 epulas,
1762 3554 2042 3676 suscipientes

614 3741 711 3799 eam
743 3739 842 3798 cum
875 3705 1061 3796 maxima
1095 3705 1427 3797 mansuetudine
1460 3729 1506 3795 et
1533 3704 1741 3825 patientia
1772 3704 1927 3819 cordis,
1952 3706 2040 3794 ala·

613 3859 764 3950 oritate
786 3856 978 3978 corporis
1000 3878 1045 3945 et
1068 3854 1284 3945 hilaritate
1307 3857 1466 3969 vultus,
1494 3886 1568 3975 spe
1591 3853 1689 3945 vitae
1708 3877 1897 3968 aeternae,
1921 3884 2041 3944 anno

616 4008 792 4100 Domini
814 4033 940 4130 1535,
960 4005 1029 4095 die
1052 4010 1156 4095 XIX
1180 4004 1312 4095 iunii.

676 4167 714 4248 Α
746 4178 888 4248 morte
921 4155 1103 4244 istorum
1139 4176 1388 4244 sanctorum
1422 4158 1618 4243 Fratrum
1652 4176 1921 4265 nostrorum,
1951 4152 2041 4242 duo

614 4305 836 4398 fluxerunt
860 4304 962 4395 anni
989 4303 1238 4424 priusquam
1263 4304 1408 4423 plures
1434 4300 1822 4416 incarcerarentur,
1854 4330 1947 4389 non
1976 4323 2040 4391 ta·

615 4487 718 4546 men
739 4455 829 4545 sine
852 4453 1021 4574 ingenti
1046 4475 1195 4541 nostra
1218 4450 1524 4566 tribulatione,
1550 4456 1639 4575 Jam
1663 4450 1782 4540 enim
1805 4450 2041 4541 advenerat

615 4627 785 4724 tempus
808 4604 934 4723 quale
961 4633 1052 4691 non
1073 4599 1216 4691 fuerat
1240 4632 1265 4691 a
1290 4600 1441 4690 diebus
1464 4600 1667 4721 antiquis.
1696 4609 1839 4690 Antea
1863 4597 1935 4689 alii
1957 4629 2037 4719 pu-

614 4776 860 4874 gnaverunt
881 4782 961 4872 pro
982 4750 1122 4868 nobis,
1144 4774 1190 4840 et
1206 4782 1285 4840 nos
1306 4748 1527 4840 siluimus:
1558 4750 1692 4838 modo
1714 4779 1819 4840 vero
1840 4770 2037 4837 extrema
