4776 6390
506 1331 570 1382 Luc.
587 1344 623 1393 tx,
635 1328 678 1381 25.

513 2683 647 2735 Animum
673 2695 739 2746 ρω-

475 2755 738 2859 htt‘tttftstt:

476 2884 548 2920 nem.

504 3283 597 3336 Jacob.
614 3298 653 3348 nr,
668 3299 693 3336 a.

504 3575 528 3628 1.
543 3578 606 3629 Cor.
620 3591 678 3641 xru,
695 3591 716 3627 t.

1375 686 1428 701 ..
1455 668 1509 749 94
1536 686 1589 698 ..

767 851 869 942 hinc
894 850 1077 942 charitas
1107 849 1188 940 Dei
1218 851 1371 940 nolens
1404 849 1627 942 offendere
1664 884 1782 968 eum,
1808 851 1926 942 illinc
1954 852 2198 976 periculum

767 1001 952 1092 aliorum
975 1032 1001 1090 a
1026 1032 1114 1121 quo
1138 1031 1214 1090 eos
1237 1030 1497 1121 praeservare
1528 1001 1744 1124 cupiebat,
1772 1003 1847 1092 sed
1878 1001 1985 1123 quid
2015 1002 2200 1124 eligeret

766 1151 997 1274 ignorabat
1020 1163 1047 1265 ¹;
1089 1149 1312 1271 praevaluit
1352 1172 1501 1240 tamen
1541 1151 1724 1242 charitas
1767 1152 1847 1243 Dei
1867 1165 1905 1268 ²,
1946 1183 2199 1244 memorans

766 1301 961 1426 ejusdem
985 1299 1276 1389 sententiam:
1305 1300 1427 1408 Quid
1449 1300 1622 1422 proficit
1643 1301 1794 1416 homo,
1822 1301 1855 1391 si
1878 1303 2073 1392 lucretur
2097 1301 2197 1392 uni-

766 1482 937 1542 versum
956 1449 1185 1562 mundum,
1206 1449 1391 1570 seipsum
1419 1479 1523 1540 vero
1541 1451 1695 1571 perdat
1719 1472 1764 1540 et
1790 1449 2105 1541 detrimentum
2133 1450 2198 1542 sui

766 1599 926 1691 saciat?
949 1599 1040 1708 Qui
1057 1631 1127 1688 me
1146 1599 1371 1690 erubuerit
1388 1621 1433 1689 et
1449 1631 1670 1689 sermones
1692 1631 1828 1715 meos,
1846 1623 1929 1691 etc.
1958 1603 2039 1689 Vel
2055 1601 2192 1691 illud:

766 1749 856 1858 Qui
879 1749 1041 1870 aliquid
1066 1770 1183 1839 amat
1204 1751 1298 1869 plus
1325 1780 1453 1869 quam
1483 1780 1569 1863 me,
1590 1779 1681 1838 non
1708 1769 1773 1837 est
1798 1779 1869 1837 me
1886 1748 2058 1869 dignus.

829 1898 1119 1988 Nihilominus
1140 1898 1219 1986 iste
1243 1920 1412 1988 sanctus
1438 1903 1565 1988 Pater
1589 1921 1738 1987 noster
1760 1897 1820 1988 ita
1850 1899 2121 2018 angustiatus
2151 1898 2197 1987 in

765 2049 845 2138 hac
871 2048 1162 2139 conventione
1188 2070 1351 2162 nostra,
1377 2046 1487 2136 dixit
1509 2047 1686 2169 insuper
1714 2047 1869 2138 nobis:
1902 2084 1926 2132 ι(
1947 2047 2194 2168 Ignoranti-

766 2198 845 2288 bus
878 2197 1018 2312 nobis,
1051 2202 1230 2313 Fratres,
1257 2197 1362 2317 quid
1386 2197 1573 2311 eveniet,
1603 2227 1659 2285 ne
1690 2195 1890 2317 imparati
1918 2195 2196 2286 inveniamur

766 2349 941 2468 quando
973 2347 1185 2437 Dominus
1212 2346 1444 2466 pulsaverit
1464 2350 1656 2469 januam,
1683 2345 1961 2467 disponamus
1984 2376 2065 2436 nos
2091 2344 2195 2436 acsi

766 2497 910 2586 statim
935 2496 1136 2585 morituri
1154 2496 1306 2610 simus,
1326 2496 1465 2619 jacula
1481 2495 1599 2584 enim
1615 2494 1793 2616 praevisa
1808 2494 1952 2585 minus
1968 2493 2147 2585 feriunt
2170 2533 2193 2578 ι

828 2650 950 2734 Tunc
974 2644 1103 2734 suasit
1127 2643 1186 2734 eis
1210 2675 1452 2765 praeparare
1478 2645 1610 2733 corda
1631 2676 1707 2734 sua
1730 2649 1824 2734 Deo
1847 2675 1926 2766 per
1942 2647 2193 2766 generalem

766 2791 1096 2908 confessionem,
1127 2793 1332 2914 deditque
1367 2793 1585 2883 licentiam
1612 2816 1662 2883 ut
1693 2794 1989 2915 unusquisque
2023 2792 2193 2885 confes·

765 2974 909 3034 sorem
942 2974 1264 3064 quemcumque
1295 2944 1492 3033 voluerat
1526 2943 1573 3031 in
1608 2943 1794 3032 claustro
1818 2943 1898 3034 sibi
1923 2943 2123 3064 eligeret,
2149 2967 2195 3035 et

765 3093 969 3184 omnibus
1008 3092 1127 3182 dedit
1162 3092 1467 3183 auctoritatem
1507 3092 1710 3213 plenariae
1745 3092 2043 3184 absolutionis.
2086 3131 2110 3178 c
2148 3098 2196 3184 Et

765 3244 848 3333 hoc
883 3241 1014 3356 facto,
1045 3242 1244 3362 sequenti
1271 3242 1356 3357 die,
1381 3241 1540 3362 inquit,
1568 3241 1668 3362 quia
1691 3242 1738 3331 in
1765 3242 1910 3333 multis
1933 3241 2195 3335 offendimus

764 3423 917 3482 omnes
952 3414 997 3480 et
1028 3390 1323 3511 unusquisque
1348 3390 1593 3481 debitorem
1616 3392 1749 3483 habet
1770 3391 1949 3483 fratrem
1980 3424 2123 3507 suum,
2149 3415 2195 3484 et

764 3540 896 3630 etiam
923 3540 1025 3660 quia
1048 3539 1139 3629 sine
1163 3539 1371 3629 charitate
1394 3571 1474 3630 nec
1499 3572 1615 3631 mors
1639 3573 1721 3633 nec
1743 3542 1831 3633 vita
1853 3541 2016 3663 aliquid
2032 3542 2191 3663 prode-

765 3691 837 3806 rit,
856 3691 1042 3782 invicem
1057 3690 1452 3806 reconciliabimur3
1472 3713 1518 3781 et
1531 3691 1660 3782 tertia
1674 3691 1759 3807 die,
1771 3691 1942 3782 Missam
1959 3692 2013 3781 de
2030 3691 2193 3813 Spiritu

764 3847 922 3932 Sancto
948 3841 1262 3932 celebrabimus
1281 3872 1363 3962 pro
1385 3841 1525 3962 gratia
1546 3840 1657 3932 illius
1681 3841 1970 3964 impetranda,
2007 3871 2096 3961 qua
2119 3871 2191 3932 va·

764 3993 928 4082 leamus
949 3992 1219 4081 voluntatem
1245 4013 1290 4081 et
1307 3992 1626 4113 beneplacitum
1653 3997 1745 4117 ejus
1770 3992 2069 4113 adimplere.»

828 4141 966 4260 Igitur
995 4172 1095 4230 cum
1126 4139 1266 4262 prima
1296 4141 1385 4231 dies
1416 4141 1649 4255 transisset,
1674 4141 1809 4231 Patris
1838 4141 1976 4232 nostri
2002 4142 2193 4233 saluber·

764 4290 877 4381 rimo
900 4289 1079 4380 consilio
1102 4289 1355 4411 adimpleto,
1375 4313 1420 4381 et
1436 4291 1526 4381 dies
1548 4290 1910 4381 reconciliationis
1935 4290 2192 4406 advenisset,

764 4440 983 4562 praemisso
1008 4446 1134 4530 Pater
1156 4465 1306 4531 noster
1334 4440 1506 4531 diutino
1536 4465 1582 4531 et
1608 4439 1885 4531 devotissimo
1908 4472 2113 4531 sermone
2141 4442 2194 4532 de

764 4590 989 4706 charitate,
1009 4591 1218 4712 patientia
1247 4623 1296 4683 ac
1324 4592 1450 4682 firma
1476 4590 1720 4683 adhaesione
1747 4613 1845 4712 post
1874 4596 2016 4682 Deum
2044 4592 2093 4682 in
2119 4593 2192 4683 ad-

763 4740 908 4857 versis,
926 4742 1152 4832 tractando
1177 4742 1272 4833 illos
1295 4741 1489 4864 quinque
1515 4741 1678 4864 primos
1694 4771 1840 4833 versus
1861 4741 2045 4832 Psalmi:
2076 4746 2194 4832 Deus
