1481 1781
558 258 676 279 -105-

263 318 308 334 non
319 311 389 334 solum
402 318 443 341 pro
455 311 532 334 ovibus
545 311 595 340 suis,
610 311 648 333 sed
659 316 682 333 et
694 318 735 341 pro
748 311 831 342 justitia
841 316 863 334 et
873 312 916 334 fide
929 313 974 334 Do-

263 348 316 371 mini
326 348 395 371 nostri
407 350 458 371 Jesu
470 348 558 371 Christi.

294 387 336 408 Isto
349 391 423 408 sancto
436 387 499 408 Patre
508 386 540 408 ita
550 385 629 414 occiso,
639 385 674 408 alii
682 386 726 408 duo
737 386 889 416 pmuominati
901 388 973 409 Vene-

262 423 339 446 rabiles
352 424 432 452 Patres,
448 423 554 447 Robertus
565 428 589 445 et
599 423 740 453 Augustinus,
753 431 803 446 cum
816 424 911 453 quodam
923 424 973 446 reli-

262 460 323 491 gioso
335 461 391 489 viro,
405 461 495 483 nomine
508 460 627 490 Reginaldo
636 463 650 489 ¹,
665 460 755 483 Ordinis
769 462 851 483 Sanctae
868 461 972 491 Brigstzae,

262 499 340 521 eodem
352 498 498 521 crudelissimo
511 506 593 528 genere
606 498 682 521 mortis
693 498 741 528 ipso
756 498 844 520 instanti
859 498 974 521 successive

261 536 341 564 vexati,
350 536 394 558 vita
408 536 449 558 hac
464 535 554 558 fuerunt
566 536 653 566 privati3
666 543 761 566 quorum
774 535 847 557 omnia
860 535 975 558 morticina

261 573 357 595 caldariis
373 578 424 595 sunt
439 572 519 603 injecta
533 578 556 595 et
571 573 729 603 aliquantulum
744 573 795 601 lixa,
810 578 833 595 et
844 572 873 595 sic
886 573 975 595 demum

261 617 301 640 per
311 610 394 633 diversa
404 610 451 632 loca
463 610 555 633 civitatis
567 618 675 640 suspensa.
690 611 714 632 Et
726 617 795 632 unum
809 610 922 632 brachium
934 611 974 632 Pa-

261 648 300 670 tris
312 647 381 670 nostri
394 648 421 670 ad
431 652 517 677 portam
530 649 612 670 Domus
623 653 702 670 nostrae
714 647 885 677 suspendebatur
897 656 901 670 :
914 647 975 677 quod

261 685 349 715 quidem
362 684 475 707 brachium
486 685 596 715 pendebat
606 685 637 707 ibi
649 693 717 715 usque
728 690 777 715 post
786 685 840 707 duos
850 685 895 707 dies
904 690 973 707 trans-

262 722 397 752 migrationis
407 727 487 744 nostrae
498 722 520 744 in
534 722 633 752 Babylon
657 730 675 745 n.
691 722 765 745 Tertio
775 728 848 744 autem
857 722 892 744 die
903 722 973 745 eonti-

261 760 293 790 git
304 760 358 782 duos
374 767 401 781 ex
414 759 497 782 Nostris
509 766 549 789 per
560 759 619 782 illam
631 765 717 790 portam
730 759 821 782 transire
837 768 841 781 :
856 767 925 782 unum
938 767 973 782 re-

261 797 359 819 cedendo
370 804 383 819 a
395 798 467 819 Domo
475 802 556 825 nostra,
567 802 589 819 et
597 797 690 819 alterum
702 797 830 819 accedendo.
843 798 866 819 Et
874 797 926 819 dum
935 804 974 827 per

261 840 365 857 eventum
388 833 517 857 obviationis
536 840 618 856 mutuae
637 833 779 856 consisterent
799 834 972 863 sermocinando,

261 870 314 894 illud
326 870 483 894 sanctissimum
497 871 609 894 brachium
620 871 700 894 decidit
714 871 742 894 ad
756 876 845 900 terram,
858 871 920 894 nullo
932 871 974 895 alio

261 909 356 938 vidente,
366 909 426 939 quod
436 909 498 932 valde
511 916 561 932 raro
572 909 627 932 inibi
641 909 710 932 visum
724 915 756 932 est
768 915 859 940 propter
870 909 973 940 frequen-

261 947 367 969 tationem
384 947 500 970 viatorum.
516 947 598 969 Idcirco
614 947 673 977 quasi
689 954 730 977 pro
746 946 851 969 miraculo
867 947 919 969 illud
934 954 974 969 uos

261 984 399 1014 suscepimus,
411 989 433 1006 et
444 983 467 1006 in
480 984 551 1006 loculo
563 984 674 1014 posuimus
688 992 737 1006 cum
748 984 915 1014 sanguinolento
928 983 973 1006 cili-

261 1029 295 1044 ιο
306 1021 349 1044 sive
361 1021 447 1044 indusio
458 1022 555 1052 ejusdem
568 1021 636 1044 Patris
648 1021 724 1050 nostri,
735 1021 753 1043 in
793 1029 811 1043 ιο
824 1021 975 1051 martyrizatus

261 1058 309 1087 fuit,
319 1064 341 1081 et
353 1066 403 1081 cum
415 1066 478 1081 causa
488 1058 553 1089 ipsius
565 1058 633 1081 morti:
799 1066 808 1081 r
818 1066 894 1080 manus
907 1058 973 1080 sancti

261 1096 373 1119 Guillelmi
389 1097 482 1124 Exmew,
495 1103 560 1126 quam
575 1095 611 1118 ille
626 1104 633 1118 1
657 1096 716 1118 sisset
795 1096 919 1118 :verendum
934 1097 973 1118 Pa-

260 1139 317 1156 trem
332 1133 484 1164 praesidentem
499 1133 523 1155 in
536 1134 607 1155 Domo
619 1141 633 1156 v
649 1133 708 1162 εἰμι’,
721 1133 738 1156 si
751 1141 753 1144 ·
806 1141 878 1155 comes
891 1132 972 1155 fuisset.

262 1171 364 1197 loculum
380 1176 453 1193 autem
470 1170 608 1193 reconditum
620 1170 644 1193 is»
715 1178 798 1193 ari-aneo
812 1171 860 1193 loco
876 1170 973 1200 reposui-

261 1216 317 1237 mus,
327 1208 397 1230 donec
409 1213 529 1238 congreget
543 1209 600 1230 Deus
613 1215 633 1230 cc
725 1207 749 1230 tic
841 1207 891 1238 ›puli
902 1207 934 1230 sui
951 1213 974 1229 et

259 1245 367 1276 propitius
378 1245 424 1268 fiat.
440 1246 487 1268 Hoc
498 1253 566 1275 genus
578 1251 633 1267 mon
819 1253 827 1267 ι
838 1253 875 1267 eos
886 1245 973 1267 subiisse

260 1283 333 1313 palam
345 1288 385 1311 est,
396 1283 496 1313 hancque
507 1291 552 1305 esse
560 1290 633 1305 causat
811 1291 822 1304 n
830 1282 887 1305 necis
896 1290 973 1304 eorum

940 1325 956 1338 ¹4

1000 393 1030 405 Mur
1052 393 1082 405 lum
1086 393 1121 405 duo-

988 412 1019 421 rum
1026 412 1033 421 ι
1040 408 1085 421 iurum
1090 408 1119 421 Pri-

987 427 1032 436 οωηι,

1001 991 1076 1004 nmmum
1080 991 1120 1009 1³:1⁰-

987 1006 1119 1034 233<¹1¹nu¹22¹¹m¹⁵⁰¹

987 1137 1054 1166 am:
1059 1137 1120 1154 Μὴ
