4776 6390
1162 1296 1408 1412 CAPUT
1456 1306 1800 1434 QUINTUM

763 1693 835 1794 De
844 1688 1103 1830 perfectione
1122 1687 1365 1830 discipline
1381 1687 1597 1827 regularis
1614 1708 1653 1794 et
1670 1709 1833 1795 senene
1854 1693 2190 1799 conversationis

913 1901 943 1969 a
975 1863 1199 1969 monachis
1227 1867 1274 1969 in
1301 1870 1447 1971 Domo
1475 1864 1768 1971 Londoniensi
1793 1863 2042 1974 observate.

1185 2540 1287 2624 UID
1313 2533 1499 2625 referam
1517 2538 1570 2626 de
1588 2536 1755 2650 ovibus,
1774 2536 1848 2626 ubi
1866 2537 1960 2628 talis
1977 2569 2026 2628 ac
2042 2560 2194 2630 tantus

1181 2685 1492 2804 praeeminebat
1521 2688 1710 2806 pastor?
1748 2692 1863 2777 Num
1891 2687 2007 2778 aliud
2038 2720 2192 2811 exspe-

1181 2836 1386 2924 ctandum
1415 2867 1545 2955 quam
1570 2837 1689 2956 quod
1715 2868 1866 2926 vocem
1899 2838 2081 2959 pastoris
2115 2871 2193 2928 au·

1181 2984 1340 3074 dierint
1375 3009 1419 3074 et
1452 3016 1554 3074 eum
1578 3008 1734 3076 secutae
1759 2985 1879 3075 sint?
1917 2993 2019 3077 Non
2044 2989 2190 3109 plane,

1200 3165 1328 3224 non:
1362 3167 1432 3223 me
1462 3138 1554 3224 solo
1586 3158 1786 3256 excepte,
1815 3135 1890 3254 qui
1918 3135 2038 3255 quasi
2064 3166 2195 3257 pecus

764 3282 1042 3373 macilentum
1069 3313 1116 3371 ac
1147 3282 1386 3373 scabiosum
1412 3285 1466 3373 de
1506 3283 1608 3374 ovili
1642 3283 1846 3374 abscissus
1882 3315 1992 3374 sum.
2023 3285 2066 3375 Si
2109 3285 2195 3375 sin·

763 3433 963 3554 gulorum
988 3462 1130 3520 mores
1156 3431 1267 3521 illius
1294 3437 1549 3523 Conventus
1579 3432 1853 3548 discuterem,
1885 3434 2092 3525 deficeret
2124 3464 2194 3525 me

763 3604 933 3702 tempus
964 3603 1267 3696 enarrantem3
1304 3583 1378 3671 sed
1416 3581 1665 3671 summatim
1700 3583 1898 3702 loquens,
1934 3582 2032 3672 dico
2072 3584 2194 3704 quod

763 3732 810 3822 in
842 3762 1010 3821 summa
1041 3762 1144 3852 pace
1179 3754 1455 3822 conservatus
1487 3753 1581 3820 erat
1610 3732 1728 3822 locus
1758 3731 1844 3821 ille.
1885 3737 1949 3822 De
1982 3731 2194 3854 lapidibus

504 3903 556 3953 111·
572 3903 641 3970 Ree·
658 3920 694 3966 νι,
710 3921 736 3970 7·
764 3880 882 3971 enim
920 3879 1074 3970 dolatis
1112 3903 1243 4001 atque
1280 3878 1480 4001 perfectis
1518 3880 1750 3970 aedificatus
1789 3902 1897 3994 erat,
1932 3902 1977 3969 et
2015 3881 2194 3971 malleus

764 4055 894 4153 atque
927 4030 1098 4145 securis,
1129 4053 1175 4120 et
1203 4062 1335 4121 omne
1369 4029 1684 4120 ferramentum
1715 4060 1807 4119 non
1837 4027 2018 4120 fuerunt
2047 4029 2194 4119 audita

766 4182 811 4272 in
831 4183 965 4272 domo
989 4181 1061 4272 illa
1085 4178 1294 4271 Domini:
1322 4203 1412 4269 tam
1436 4179 1570 4301 polita
1596 4201 1690 4269 erat
1711 4179 1831 4300 quod
1856 4210 1940 4299 ego
1966 4209 2193 4300 nunquam

762 4332 920 4444 audivi,
955 4362 1035 4422 nec
1066 4330 1255 4421 seniores
1285 4330 1361 4451 qui
1392 4332 1528 4450 longo
1560 4350 1760 4450 tempore
1790 4350 1892 4419 ante
1924 4359 1995 4418 me
2030 4327 2192 4418 ibidem

504 4494 552 4547 a.
567 4513 616 4559 cn.
631 4517 672 4564 24·
762 4480 939 4573 fuerant
972 4503 1274 4601 noverantque
1308 4510 1442 4601 opera
1483 4477 1662 4568 Domini
1696 4500 1741 4567 et
1777 4476 1988 4568 mirabilia
2022 4482 2116 4602 ejus
2147 4477 2192 4568 in

763 4629 1000 4754 profundo,
1014 4633 1231 4721 velunum
1247 4631 1430 4720 verbum
1448 4627 1797 4750 exprobrationis
1812 4658 1892 4749 per
1906 4649 2051 4719 totum
2070 4635 2191 4720 Con·

765 4803 943 4871 ventum
956 4781 1207 4901 (apostatas¹
1228 4810 1320 4869 non
1335 4809 1522 4870 numero
1541 4808 1621 4867 nec
1637 4808 1842 4868 recenseo
1859 4778 1913 4867 de
1925 4777 2191 4896 Conventu).
