4776 6390
1026 1288 1273 1394 CAPUT
1326 1290 1593 1398 NONUM

592 1689 664 1791 De
689 1683 906 1826 prodigiis
938 1704 1039 1791 ante
1077 1691 1340 1829 martyriam
1371 1695 1585 1796 Fratrum
1611 1695 1716 1797 visis
1746 1711 1787 1799 et
1821 1692 1874 1799 de
1900 1717 2022 1836 pra·

625 1855 859 1993 paratione
887 1892 1038 1958 aarum
1069 1853 1131 1959 ad
1162 1874 1343 1961 mortem
1374 1897 1388 1962 .·
1408 1861 1557 1998 primo
1578 1879 1755 2001 propter
1780 1859 1992 1968 secundas

666 2022 842 2160 nuptias
872 2024 1020 2160 Regis,
1051 2039 1090 2126 et
1118 2021 1293 2128 tandem
1313 2022 1520 2164 finaliter
1545 2044 1721 2168 propter
1753 2027 1960 2136 schisma.

932 2668 1177 2755 ONTIGIT
1201 2687 1347 2756 autem
1365 2696 1482 2754 anno
1502 2666 1678 2756 Domini
1702 2694 1827 2791 1533,
1850 2671 2021 2790 procel·

929 2816 1066 2904 losam
1091 2815 1202 2904 hanc
1236 2837 1538 2936 tempestatem
1565 2817 1853 2937 praecedente,
1873 2849 2020 2909 come·

630 2661 891 3242 C
930 2986 1006 3054 ten
1034 2964 1169 3055 videri
1199 2964 1245 3053 in
1275 2994 1374 3053 aere
1402 2965 1714 3055 extendentem
1742 2966 1885 3057 radios
1924 2999 2020 3060 suos

930 3116 1057 3236 plane
1091 3136 1135 3204 et
1161 3135 1309 3235 aperte
1333 3145 1469 3234 usque
1500 3114 1556 3203 ad
1585 3120 1777 3204 Domum
1805 3139 2017 3210 nostram.

592 3271 727 3355 Totus
764 3271 1035 3381 Conventus,
1064 3264 1314 3385 regrediens
1346 3264 1531 3384 quadam
1562 3287 1744 3355 noctea
1777 3267 2016 3384 matutinis,

591 3414 798 3504 cernebat
829 3446 877 3505 ac
914 3415 1167 3505 intuebatur
1196 3413 1337 3503 radios
1364 3412 1669 3536 provenientes
1707 3415 1762 3506 ab
1793 3415 1866 3505 illa
1898 3419 2020 3508 stella

591 3592 815 3653 coruscare
849 3595 897 3654 ac
929 3564 1158 3655 scintillare
1189 3593 1268 3685 per
1300 3565 1533 3684 quamdam
1567 3565 1696 3654 altam
1735 3565 1942 3656 arborem
1973 3566 2019 3657 in

590 3713 843 3803 coemeterio
884 3738 1051 3830 nostro,
1087 3735 1132 3803 et
1154 3711 1457 3803 transfundere
1494 3744 1554 3829 se,
1589 3736 1634 3803 et
1666 3718 2018 3808 transverberare

589 3893 720 3983 super
737 3863 958 3953 ecclesiam
973 3885 1165 3953 nostram
1190 3884 1235 3952 et
1258 3863 1380 3951 illum
1403 3863 1546 3953 locum
1565 3862 1638 3953 ubi
1665 3894 1883 3986 campanae
1908 3898 2017 3988 pen·

589 4012 766 4104 debant.
802 4015 937 4121 Quod
969 4013 1145 4134 quidem
1174 4011 1419 4101 inauditum
1452 4033 1517 4101 est
1548 4034 1594 4102 et
1622 4011 1807 4103 invisum
1841 4043 1866 4101 a
1898 4038 2019 4105 retro

588 4162 764 4253 saeculis.
797 4164 957 4252 Eodem
983 4194 1160 4283 quoque
1182 4193 1316 4278 anno,
1337 4161 1605 4251 Venerabilis
1632 4167 1759 4251 Pater
1786 4162 1912 4252 Prior
1938 4195 2018 4254 no-

588 4333 676 4402 ster
692 4313 880 4432 quadam
904 4335 1034 4402 nocte
1051 4333 1150 4433 post
1166 4311 1402 4401 secundum
1421 4316 1697 4401 Nocturnum
1712 4312 2020 4432 egrediebatur

587 4460 829 4577 ecclesiam3
849 4461 923 4582 qui
946 4460 1112 4551 intrans
1134 4460 1181 4551 in
1202 4460 1516 4574 coemeterium,
1534 4460 1709 4551 videbat
1730 4462 1778 4551 in
1798 4492 1901 4552 aere
1923 4465 2018 4583 glo·

587 4609 694 4699 bum
728 4608 1015 4729 sanguineum
1049 4609 1169 4700 mirae
1199 4609 1522 4730 magnitudinis.
1558 4611 1628 4700 Ad
1649 4614 1769 4733 cujus
1794 4635 2016 4733 aspectum

586 4757 761 4878 expavit
794 4790 870 4849 cor
904 4764 1011 4883 ejus,
1054 4782 1100 4850 et
1137 4791 1225 4882 prae
1268 4759 1427 4849 timore
1471 4760 1625 4851 cecidit
1665 4783 2010 4883 superterram.
