4776 6390
1365 669 1581 751 ..92-

762 872 827 941 est
850 852 975 942 salus.
1005 851 1264 974 Praeparavit
1284 852 1402 945 enim
1429 859 1546 946 Deus
1569 860 1766 946 vermem
1797 854 1844 944 in
1874 886 2055 946 ascensu
2076 855 2189 946 dilu-

578 1046 605 1082 n
645 1069 652 1082 .
762 1000 862 1116 culi,
882 1000 957 1121 qui
974 1001 1179 1123 percussit
1202 1003 1408 1093 hederam
1437 1028 1481 1095 et
1508 1005 1696 1122 exaruit,
1717 1006 1839 1096 nullo
1862 1004 2046 1126 vestigio
2071 1004 2190 1128 prio-

762 1149 819 1241 ris
844 1148 1016 1241 foederis
1041 1151 1136 1241 initi
1159 1177 1439 1269 remanente;
1469 1155 1729 1276 vexatioque
1761 1155 1880 1245 dedit
1909 1154 2037 1245 nobis
2064 1154 2194 1245 intel·

763 1302 923 1391 lectum
946 1301 1000 1390 de
1023 1302 1226 1422 praedicta
1250 1303 1516 1394 revelatione
1539 1307 1672 1395 sancti
1693 1305 1828 1395 Patris
1844 1304 1998 1394 nostri.
2020 1309 2071 1394 Et
2087 1327 2194 1395 tunc

763 1480 864 1541 vere
887 1450 1054 1572 experti
1079 1482 1225 1542 sumus
1248 1454 1368 1572 quod
1391 1455 1607 1576 Propheta
1632 1453 1775 1544 fuerat
1798 1455 1844 1544 in
1870 1453 2016 1546 medio
2034 1453 2187 1544 nostri.

826 1755 876 1839 ln
896 1749 1108 1871 principio
1130 1751 1249 1840 enim
1274 1752 1377 1841 anni
1402 1752 1579 1843 Domini
1603 1781 1706 1877 1535
1736 1753 1969 1844 diffinitum
1999 1751 2085 1842 fuit
2114 1783 2193 1874 per

765 1906 926 2020 Regem
943 1899 1124 2021 Angliae,
1144 1901 1250 1990 etin
1267 1902 1425 1993 celebri
1443 1925 1541 1993 actu
1561 1902 1821 1992 Parlamenti
1840 1901 1904 1991 sui
1921 1901 2187 2015 institutum,

763 2073 813 2140 ut
835 2081 987 2140 omnes
1010 2050 1314 2141 auctoritatem
1333 2075 1378 2141 et
1395 2051 1687 2143 obedientiam
1704 2083 1835 2172 quam
1852 2051 2073 2142 debebant
2101 2056 2188 2141 Do

763 2199 885 2289 mino
912 2206 1035 2322 Papae
1059 2223 1105 2291 et
1129 2201 1332 2321 cuiquam
1360 2202 1443 2291 alio
1468 2201 1689 2322 Superiori
1715 2201 1762 2291 in
1787 2201 1877 2291 aliis
1893 2200 2040 2322 regnis
2063 2202 2190 2291 abre-

763 2349 1032 2465 nuntiarent,
1050 2373 1096 2439 et
1124 2350 1264 2472 ipsum
1290 2357 1452 2471 Regem
1478 2374 1528 2442 ut
1549 2382 1800 2473 supremum
1826 2373 1956 2472 caput
1978 2350 2187 2466 Ecclesiae,

763 2522 852 2590 tam
878 2499 924 2589 in
946 2499 1235 2621 spiritualibus
1257 2532 1390 2622 quam
1412 2501 1739 2622 temporalibus,
1759 2499 1839 2591 sub
1863 2499 2101 2624 juramenti
2125 2523 2189 2588 at·

762 2649 994 2739 testatione
1024 2649 1310 2771 susciperent;
1346 2650 1691 2741 contradicentes
1723 2679 1845 2765 ver0,
1877 2673 2087 2770 tanquam
2127 2649 2188 2738 rei

762 2800 869 2890 laesae
894 2799 1126 2923 majestatis
1151 2800 1433 2915 haberentur,
1459 2823 1504 2889 et
1525 2799 1678 2920 aequali
1705 2822 1848 2889 morte
1875 2799 2186 2920 plecterentur.

763 2949 899 3056 Quod
920 2981 1019 3039 cum
1041 2979 1121 3070 per
1136 2973 1280 3039 totum
1305 2980 1491 3070 regnum
1509 2950 1837 3071 promulgatum
1856 2947 2020 3064 fuisset,
2042 2955 2187 3038 Vene-

761 3098 905 3190 rabilis
925 3104 1052 3188 Pater
1070 3099 1193 3189 Prior
1209 3122 1358 3189 noster
1381 3099 1634 3191 convocavit
1652 3099 1920 3221 Capitulum,
1940 3123 2075 3220 atque
2093 3130 2190 3220 quae

760 3247 1052 3338 imminebant
1075 3249 1327 3340 Conventui
1349 3249 1568 3340 indicavit.

823 3397 996 3507 Quibus
1027 3397 1197 3512 auditis,
1232 3399 1496 3488 consternati
1537 3422 1663 3488 eraut
1702 3397 1849 3487 animo
1882 3398 2020 3488 valde.
2067 3404 2188 3489 Tunc

762 3547 866 3638 dixit
901 3553 1028 3638 Pater
1057 3582 1066 3637 :
1098 3546 1329 3637 «Tristitia
1362 3548 1467 3637 mihi
1507 3579 1664 3668 magna
1694 3571 1773 3662 est,
1807 3569 1852 3635 et
1883 3547 2002 3636 cordi
2034 3547 2188 3668 ingens

761 3698 886 3788 dolor
903 3728 990 3820 prae
1013 3698 1181 3813 ceteris,
1201 3728 1282 3819 pro
1311 3697 1524 3788 Fratribus
1548 3696 1655 3786 meis
1678 3694 1916 3820 juvenculis
1945 3695 2020 3815 qui
2045 3695 2185 3786 abun-

761 3848 867 3938 dant
889 3847 936 3937 in
958 3848 1040 3938 isto
1072 3853 1323 3938 Conventu.
1353 3846 1515 3936 Videtis
1539 3846 1672 3962 enim,
1696 3850 1875 3961 Fratres,
1905 3876 2037 3965 quam
2063 3844 2187 3935 multi

761 4019 861 4088 sunt
885 3997 953 4087 hic
969 4002 1146 4120 juvenes
1163 3997 1422 4086 innocenter
1444 3996 1576 4084 modo
1603 3995 1811 4109 viventes,
1832 4024 2023 4114 quorum
2049 3991 2186 4085 cervi·

517 4201 531 4237 s
556 4201 583 4237 a
625 4224 631 4238 .
761 4147 881 4238 cibus
900 4152 1054 4271 jugum
1079 4146 1225 4236 oneris
1250 4170 1295 4236 et
1318 4168 1535 4266 sceptrum
1559 4132 1771 4234 exactoris
1794 4173 2021 4263 nunquam
2044 4142 2187 4265 impo-

761 4295 889 4387 situm
914 4294 1016 4411 fuit,
1046 4296 1243 4416 quicum
1269 4297 1399 4386 semel
1427 4293 1654 4384 commixti
1683 4291 1848 4384 fuerint
1873 4292 1991 4383 inter
2016 4315 2185 4414 gentes,

761 4445 1005 4536 timendum
1037 4469 1102 4535 est
1131 4477 1187 4534 ne
1211 4444 1374 4535 discant
1404 4474 1538 4566 opera
1570 4473 1741 4558 eorum,
1774 4465 1820 4533 et
1849 4474 1949 4534 cum
1976 4442 2190 4564 coeperint

761 4595 913 4718 spiritu
937 4627 1053 4687 nunc
1079 4625 1207 4686 carne
1237 4617 1618 4709 consummentur;
1647 4613 1935 4713 corrumpunt
1959 4591 2080 4682 enim
2108 4593 2185 4684 bo·

762 4777 841 4836 nos
879 4776 1021 4835 mores
1060 4744 1274 4866 colloquia
1313 4747 1444 4861 mala3
1486 4776 1584 4835 cum
1621 4773 1826 4865 perverso
1864 4765 2181 4856 conversantes,
