4740 6414
1604 590 1818 697 ..84-

998 800 1116 892 enim
1151 800 1320 924 copiam
1342 799 1558 893 bufonum
1582 802 1727 892 attulit
1749 801 1806 918 ei,
1832 803 1953 923 quod
1975 800 2182 892 cumulati
2198 800 2370 924 pavim

996 975 1092 1042 tum
1122 952 1238 1042 cellae
1263 957 1356 1076 ejus
1385 953 1622 1074 replerent,
1646 973 1868 1074 reptantes
1898 974 1944 1042 et
1971 949 2172 1042 salientes
2194 973 2293 1073 post
2320 981 2346 1039 e

997 1132 1276 1222 quocumque
1311 1100 1422 1191 circa
1452 1102 1602 1191 cellam
1633 1133 1753 1191 suam
1781 1101 2007 1223 pergebat.
2037 1105 2166 1190 Erant
2190 1099 2270 1191 sibi
2301 1131 2370 1190 co

997 1252 1208 1340 mensales
1229 1272 1275 1340 et
1291 1250 1482 1341 convivae
1500 1251 1546 1340 in
1562 1282 1726 1367 mensa,
1746 1251 1877 1341 etiam
1894 1250 1941 1340 in
1957 1250 2098 1372 ipsum
2115 1248 2279 1340 discum
2295 1281 2345 1339 su

997 1399 1279 1522 prosiliebant
1302 1433 1313 1516 ;
1339 1422 1466 1490 erant
1490 1431 1667 1521 quoque
1692 1400 1733 1489 ei
1758 1401 2001 1490 contorales
2026 1421 2072 1489 et
2096 1399 2199 1490 socii
2229 1399 2275 1488 in
2297 1401 2363 1490 lec

998 1541 1199 1662 siquem
1229 1540 1275 1630 in
1307 1540 1455 1662 ignem
1478 1541 1727 1665 projiceret,
1760 1541 1905 1632 statim
1938 1541 2161 1632 exsiliebat
2184 1542 2359 1656 illaesus;

997 1691 1218 1781 occidisset
1255 1722 1345 1805 eos,
1383 1690 1454 1779 alii
1491 1690 1855 1811 superveniebant
1894 1712 1940 1780 et
1980 1720 2189 1781 numerus
2226 1690 2370 1812 quoti

996 1840 1377 1960 augmentabatur,
1397 1839 1818 1959 perseverabantque
1843 1871 1943 1930 cum
1966 1838 2088 1929 eoin
2113 1840 2219 1929 cella
2243 1871 2320 1931 sua
2356 1888 2367 1921 ι

996 1988 1219 2111 integrum
1251 2019 1460 2105 mensem,
1485 2018 1567 2079 nec
1594 1989 1685 2078 ullo
1716 1989 1849 2077 modo
1880 1988 2025 2079 abeis
2057 1988 2230 2079 liberari
2257 2013 2338 2112 pot

998 2140 1140 2231 Semel
1167 2161 1315 2229 autem
1342 2170 1481 2229 unum
1510 2168 1663 2229 eorum
1694 2136 1859 2259 forcipe
1885 2139 2220 2259 apprehensum,
2246 2140 2294 2229 in
2319 2170 2355 2252 ¹:

997 2313 1166 2381 torrere
1186 2288 1336 2404 voluit,
1355 2289 1430 2377 sed
1452 2310 1598 2378 tantus
1622 2286 1753 2378 foetor
1780 2319 1835 2377 ex
1861 2319 1916 2377 eo
1946 2289 2131 2379 exalavit
2155 2312 2205 2380 ut
2230 2320 2256 2379 a
2279 2321 2370 2380 coe.

996 2441 1199 2530 desistere
1222 2439 1466 2561 compulsus
1489 2437 1542 2527 sit
1572 2472 1581 2528 :
1613 2437 1746 2526 etiam
1772 2437 1841 2527 alii
1872 2437 2102 2529 existentes
2125 2438 2172 2528 in
2194 2441 2370 2530 claustr

997 2591 1144 2708 longe,
1177 2589 1382 2679 eumdem
1414 2585 1617 2677 soetorem
1656 2587 1914 2678 sentiebant.
1956 2592 2005 2677 ln
2038 2589 2171 2677 horto
2204 2619 2365 2679 veros

997 2759 1330 2861 permanserunt
1352 2767 1432 2857 per
1450 2736 1633 2857 spatium
1655 2737 1788 2827 trium
1812 2736 2026 2826 mensium
2045 2771 2056 2852 ;
2075 2737 2259 2858 ipsemet
2277 2743 2370 2829 Fra

997 2889 1223 3013 saepissime
1261 2888 1345 2977 hoc
1375 2886 1492 2976 idem
1524 2918 1622 2977 cum
1656 2918 1817 3007 magno
1850 2887 2001 2975 dolore
2042 2887 2181 2977 cordis
2218 2919 2365 2980 enarr

997 3040 1177 3131 solebat.

1060 3189 1127 3280 sic
1143 3218 1221 3309 per
1237 3188 1328 3277 haec
1344 3209 1389 3277 et
1405 3187 1543 3276 multa
1559 3186 1639 3274 alia
1661 3184 1868 3275 revelavit
1885 3189 2001 3275 Deus
2018 3187 2258 3277 condensa:
2280 3188 2359 3276 nol

997 3363 1087 3430 tam
1112 3359 1307 3427 sanctum
1332 3335 1563 3456 collegium
1587 3336 1697 3425 adeo
1719 3333 1892 3425 nefariis
1911 3336 2075 3427 actibus
2099 3359 2144 3426 et
2168 3339 2368 3427 enormi

997 3487 1179 3610 peccatis
1202 3485 1493 3576 dehonestari.
1526 3490 1710 3606 Propter
1740 3485 1844 3575 alios
1869 3517 2045 3606 quoque
2078 3487 2273 3608 permisit
2307 3493 2370 3578 Da

996 3638 1099 3728 istos
1124 3636 1225 3726 talia
1255 3636 1361 3757 pati,
1389 3666 1445 3724 ne
1473 3634 1519 3723 in
1552 3634 1736 3755 idipsum
1763 3634 2072 3725 incredulitatis
2096 3637 2348 3758 exemplum

996 3809 1220 3909 peccatum
1248 3785 1342 3907 quis
1362 3784 1592 3899 incideret;
1618 3806 1664 3874 et
1678 3806 1859 3905 propter
1875 3784 2049 3906 seipsos,
2068 3807 2119 3875 ut
2143 3785 2204 3876 ita
2228 3786 2367 3908 castig

997 3935 1207 4051 atalibus,
1226 3935 1273 4025 in
1289 3958 1513 4056 posterum
1531 3933 1786 4023 desisterent
1808 3933 1997 4024 stultitiis
2022 3956 2067 4024 et
2084 3934 2291 4055 nequitiis
2313 3970 2323 4024 ε
2358 3979 2369 4015 ι

996 4108 1145 4176 tamen
1170 4117 1261 4174 non
1284 4106 1386 4175 sunt
1401 4083 1576 4198 reversi,
1597 4084 1672 4172 sed
1687 4081 1859 4172 irritum
1884 4081 2081 4173 fecerunt
2097 4108 2272 4204 pactum
2293 4114 2347 4175 su

996 4266 1094 4326 cum
1130 4239 1225 4324 Deo
1265 4254 1311 4322 et
1341 4232 1544 4323 omnibus
1582 4231 1667 4323 suis
1705 4231 1882 4348 Sanctis,
1918 4254 1963 4322 et
1995 4232 2147 4323 habitu
2188 4232 2358 4353 Religio

996 4388 1175 4509 rejecto,
1195 4382 1398 4472 exierunt
1414 4413 1438 4471 a
1455 4382 1580 4473 nobis
1595 4411 1675 4502 per
1690 4381 1906 4471 licentiam
1926 4380 2104 4471 Domini
2123 4380 2248 4501 Regis
2264 4405 2369 4473 nost

998 4536 1082 4624 Sed
1109 4535 1200 4623 haec
1229 4534 1282 4622 de
1312 4531 1560 4656 hujusmodi
1594 4531 1708 4620 dicta
1735 4530 1960 4644 sufficiant,
1987 4552 2033 4621 et
2063 4530 2233 4620 utinam
2265 4561 2348 4621 eor

997 4681 1297 4806 poenitentiam
1324 4680 1543 4771 insinuare
1573 4713 1743 4803 possem
1766 4705 1812 4773 et
1835 4679 2187 4772 emendationem
2213 4680 2326 4773 sicut
2354 4724 2370 4757 ÷
