4740 6414
1376 646 1589 753 ‘7⁶-

776 852 973 945 eminens
1010 854 1210 947 sanctitas
1251 857 1394 981 hujus,
1429 857 1614 981 probata
1647 881 1742 949 erat
1785 859 1840 951 ab
1870 859 2075 952 omnibus
2113 859 2214 951 sine

776 1004 1065 1097 simulatione.
1097 1006 1224 1098 Obiit
1246 1029 1394 1098 autem
1420 1040 1539 1100 anno
1562 1007 1741 1100 Domini
1763 1022 1910 1133 1531.¹

486 1359 576 1458 mgna
586 1344 748 1458 23,OE
839 1303 965 1394 Multi
996 1305 1066 1395 alii
1098 1304 1230 1395 etiam
1250 1305 1298 1396 in
1319 1306 1391 1398 illa
1412 1330 1562 1398 nostra
1587 1308 1943 1430 congregatione,
1970 1309 2080 1400 mira
2106 1310 2211 1401 dul-

775 1454 927 1545 cedine
952 1454 1086 1546 divini
1114 1455 1273 1547 amoris
1304 1455 1508 1548 inebriati
1529 1489 1578 1548 ac
1606 1457 1813 1549 ineffabili
1842 1458 2067 1550 sanctitate
2091 1489 2209 1581 prae·

775 1604 853 1695 diti
878 1628 1019 1694 erant.
1050 1606 1279 1696 Saeculares
1309 1607 1510 1699 dicebant
1543 1610 1663 1729 quod
1693 1607 1727 1699 si
1758 1607 1958 1730 possibile
1982 1632 2093 1700 esset
2119 1610 2210 1700 ho-

775 1755 964 1847 minibus
994 1754 1041 1845 in
1079 1756 1204 1847 terris
1239 1756 1459 1847 assimilari
1491 1758 1669 1879 Angelis
1708 1757 1756 1848 in
1793 1757 1923 1874 coelis,
1958 1788 2210 1879 eorumque

774 1909 1010 2028 puritatem
1043 1905 1286 2026 aliqualiter
1312 1906 1542 2028 attingere,
1567 1908 1615 1998 in
1644 1907 1715 1999 illa
1747 1913 1893 1999 Domo
1919 1929 2067 2000 nostra
2096 1907 2211 1998 tales

774 2086 880 2146 esse.
913 2055 996 2145 Sed
1023 2078 1068 2144 et
1098 2055 1187 2178 ipse
1215 2056 1482 2146 Venerabilis
1517 2062 1644 2147 Pater
1681 2056 1820 2174 Prior,
1845 2056 2037 2149 crebrius
2058 2057 2211 2148 dicere

774 2205 941 2296 solebat
972 2236 1062 2295 sese
1088 2205 1279 2326 Angelos
1302 2205 1382 2295 sub
1406 2236 1482 2296 sua
1511 2206 1760 2296 obedientia
1785 2207 1948 2298 habere
1974 2240 1983 2296 :
2010 2210 2098 2327 Ego
2121 2236 2209 2297 au-

580 2409 597 2445 ι
651 2408 708 2444 ι..
774 2377 865 2443 tem
885 2354 990 2471 dixi,
1011 2354 1070 2443 dii
1093 2378 1233 2471 erant,
1258 2378 1305 2444 et
1325 2355 1401 2444 filii
1427 2355 1600 2446 Excelsi.
1629 2357 1790 2465 Quoad
1812 2353 1991 2447 furtivas
2015 2353 2208 2477 discipli·

774 2535 850 2594 nas
882 2535 988 2625 quas
1027 2504 1153 2594 multi
1193 2535 1349 2595 eorum
1382 2528 1680 2627 susceperunt,
1711 2529 1758 2595 et
1794 2506 1848 2595 de
1886 2504 2210 2597 tentationibus

773 2685 879 2774 quas
904 2655 1195 2774 pertulerunt,
1218 2653 1265 2743 in
1291 2653 1447 2774 quibus
1472 2654 1736 2746 terribilibus
1758 2653 1982 2775 effigiebus
2004 2653 2210 2746 diabolus

773 2803 974 2925 apparuit
999 2803 1074 2919 eis,
1095 2835 1200 2924 quas
1217 2803 1432 2893 molestias
1453 2803 1602 2893 intulit
1617 2805 1677 2893 eis
1692 2803 1937 2925 quibusque
1950 2802 2087 2926 plagis
2104 2834 2208 2895 cor·

773 2952 890 3075 poris
912 2953 1115 3044 mactavit
1139 2977 1185 3043 et
1207 2953 1359 3044 cecidit
1381 2985 1470 3070 eos,
1492 2953 1715 3075 qualisque
1738 2954 1864 3044 ludus
1888 2951 2025 3044 factus
2040 2976 2107 3044 est
2122 2953 2206 3071 eis,

773 3103 874 3195 talia
907 3104 1083 3224 quidem
1107 3125 1153 3194 et
1181 3104 1263 3194 alia
1293 3104 1551 3226 quamplura
1576 3103 1721 3225 potius
1747 3103 1944 3194 miranda
1967 3126 2014 3194 et
2037 3101 2209 3195 facibus

772 3255 1020 3346 veneranda
1041 3285 1172 3375 quam
1187 3253 1398 3343 imitanda
1420 3252 1579 3342 omitto
1605 3253 1807 3368 scribere,
1827 3284 1885 3344 ne
1901 3283 1993 3343 non
2009 3251 2209 3344 veritatis

773 3404 1023 3518 obtestatio,
1051 3405 1125 3495 sed
1157 3402 1429 3518 adulationis,
1465 3402 1605 3492 inanis
1649 3401 1863 3526 jactantiae
1899 3424 1977 3493 aut
2013 3402 2208 3525 propriae

773 3553 908 3643 laudis
931 3552 1190 3673 obsequium
1216 3583 1305 3642 esse
1328 3573 1524 3675 putetur.

533 3744 625 3804 Qum
663 3743 745 3794 murs
836 3703 919 3793 Sed
935 3703 1019 3793 hoc
1035 3733 1117 3825 pro
1133 3701 1315 3792 veritate
1332 3702 1434 3792 sciat
1451 3701 1593 3793 omnis
1606 3702 1762 3792 domus
1779 3701 1922 3817 lsrael,
1936 3701 2059 3821 quod
2080 3702 2207 3795 mira·

482 3818 746 3993 {iguigffliiibcii
772 3851 868 3943 bilis
899 3857 1014 3942 Deus
1040 3851 1252 3942 mirabilia
1277 3851 1412 3940 multa
1435 3874 1482 3940 et
1506 3880 1680 3971 magna,
1700 3849 1812 3940 circa
1838 3850 1999 3939 electos
2029 3881 2134 3942 suos
2159 3852 2208 3944 in

771 4004 843 4095 illa
871 4009 1015 4093 Domo
1040 4003 1287 4119 existentes,
1308 4001 1479 4124 operari
1496 4001 1697 4123 dignatus
1719 4023 1799 4093 est.
1822 4000 1984 4123 Lingua
2005 4034 2103 4095 non
2125 4036 2207 4127 po·

772 4176 858 4245 test
889 4154 1048 4268 dicere,
1075 4185 1156 4243 nec
1186 4152 1331 4242 littera
1360 4151 1605 4274 exprimere
1636 4151 1851 4272 magnalia
1886 4150 1967 4243 Dei
1982 4166 2099 4274 'quae
2128 4186 2208 4278 per

773 4336 848 4394 eos
871 4301 1002 4394 fecit:
1030 4326 1139 4424 quot
1164 4302 1321 4393 tentati
1345 4332 1424 4423 per
1439 4332 1596 4392 eorum
1617 4332 1766 4423 preces
1787 4322 1832 4391 et
1854 4323 2001 4393 sancta
2026 4304 2207 4396 consilia

773 4454 974 4570 alleviati,
995 4477 1105 4575 quot
1128 4453 1273 4544 afflicti
1296 4474 1341 4543 et
1362 4452 1503 4543 moesti
1527 4475 1629 4542 sunt
1650 4450 1875 4568 consolati,
1897 4475 2009 4572 quot
2030 4484 2057 4543 a
2076 4454 2203 4546 barn·

772 4627 844 4695 tro
874 4603 1185 4725 desperationis
1214 4602 1423 4694 sublevati
1457 4626 1503 4693 et
1533 4600 1692 4722 erepti;
1729 4603 1873 4692 nullus
1909 4600 2205 4696 inconsolatus

773 4754 946 4845 recessit
970 4754 1025 4843 ab
1047 4784 1201 4844 eorum
1227 4753 1462 4874 colloquio,
1490 4782 1571 4843 nec
1601 4751 1754 4872 aliquis
1782 4750 1912 4873 periit
1937 4751 2014 4872 qui
2045 4785 2201 4846 eorum
