4740 6414
1201 656 1385 737 ...6-

289 901 503 1013 mllinll⁸⁰¹³
526 910 554 950 «ι
581 863 859 985 Martyribus,
887 895 935 954 ac
958 896 1056 954 cum
1084 867 1137 955 de
1165 865 1254 955 aliis
1280 866 1535 980 innumeris,
1565 891 1660 957 tum
1685 870 1738 957 de
1763 868 1861 958 diva
1887 876 2007 988 Aga-

443 999 449 1012 ’
580 1015 656 1103 tha
679 1034 725 1101 et
746 1013 875 1102 beata
902 1013 1157 1129 Catharina,
1186 1045 1371 1135 quarum
1403 1015 1475 1104 illa
1506 1047 1605 1105 cum
1633 1047 1658 1105 a
1684 1017 1827 1139 judice
1858 1017 2006 1124 Quin-

580 1162 701 1252 tiano
727 1162 1076 1282 interrogaretur
1096 1195 1247 1283 quare,
1279 1195 1377 1253 cum
1406 1195 1431 1252 a
1460 1165 1649 1255 cruentis
1677 1164 2007 1286 spiculatoribus

580 1313 827 1425 duceretur,
857 1312 1047 1431 glorians
1082 1336 1126 1401 et
1158 1315 1375 1403 exsultans
1407 1314 1459 1402 ad
1494 1345 1709 1404 carcerem
1743 1317 2001 1406 accederet:

582 1499 605 1552 s
637 1462 768 1576 Quia,
798 1460 956 1581 inquit,
984 1461 1043 1550 ibi
1068 1494 1177 1582 quos
1201 1494 1372 1583 semper
1400 1464 1545 1583 optavi
1570 1465 1760 1554 coelestes
1784 1465 2004 1554 inveniam

579 1612 818 1725 thesauros,
841 1643 949 1731 quos
977 1642 1120 1731 neque
1143 1642 1291 1731 aerugo
1318 1634 1476 1700 atteret
1502 1644 1645 1733 neque
1669 1613 1787 1702 tinea
1808 1643 2002 1733 unquam

579 1759 634 1848 sit
654 1783 979 1880 consumptura.
1013 1798 1035 1842 »
1057 1766 1158 1849 Haec
1186 1791 1291 1850 vero
1314 1762 1369 1849 ad
1392 1762 1661 1851 Maxentium
1690 1768 2001 1883 Imperatorem

580 1908 637 1997 sic
669 1909 727 1997 ait
764 1943 772 1997 :
801 1910 1022 1998 «Adhibe
1052 1941 1339 2030 quaecumque
1369 1912 1436 2000 vel
1463 1911 1653 1999 humana
1684 1912 1911 2000 crudelitas
1935 1912 2004 2002 vel

580 2059 806 2179 tyrannica
821 2059 968 2147 diritas
992 2059 1160 2178 fingere
1183 2082 1326 2180 potest
1349 2081 1585 2173 tormenta,
1605 2091 1706 2148 nam
1725 2091 1809 2180 ego
1828 2091 2005 2150 carnem

579 2230 625 2296 et
650 2208 905 2327 sanguinem
937 2240 1084 2296 meum
1115 2207 1292 2297 Christo
1318 2240 1476 2329 sponso
1505 2240 1605 2297 meo
1630 2214 1717 2332 jam
1745 2210 1819 2299 diu
1845 2209 2005 2298 offerre

579 2357 793 2471 desidero,
821 2357 943 2446 sicuti
975 2357 1045 2445 ille
1079 2358 1301 2477 quondam
1330 2362 1425 2446 Deo
1458 2358 1571 2447 Patri
1605 2390 1694 2448 sese
1725 2390 1810 2479 pro
1841 2390 1912 2447 me
1941 2358 2005 2448 vi-

579 2505 754 2594 ctimam
782 2507 976 2627 praebere
1000 2536 1090 2595 non
1114 2506 1339 2595 recusavit.
1363 2543 1385 2588 »
1406 2512 1506 2595 Non
1531 2507 1676 2595 minor
1691 2506 1844 2627 utique
1869 2508 2007 2597 virtus

337 2685 389 2734 m.
420 2685 552 2757 harma-s
579 2677 624 2743 et
655 2654 895 2744 constantia
927 2653 1009 2744 fuit
1039 2655 1198 2744 horum
1228 2678 1480 2744 nostrorum
1509 2661 1750 2778 Martyrum
1783 2656 2007 2747 Cartusia-

290 2747 457 2797 cartusiam.

579 2833 755 2918 norum,
768 2804 867 2893 licet
884 2828 1093 2924 vergente
1110 2804 1261 2893 mundi
1273 2835 1465 2924 vespere,
1478 2836 1524 2894 ac
1535 2805 1737 2895 omnibus
1754 2806 2009 2896 mortalium

579 2952 682 3042 actis
707 2984 798 3042 uno
823 2954 1012 3073 quodam
1037 2953 1204 3074 impetu
1237 2953 1282 3041 in
1314 2958 1435 3076 pejus
1461 2953 1657 3074 quotidie
1678 2954 2006 3074 proruentibus.

578 3106 753 3217 AEstum,
769 3100 919 3223 frigus,
937 3100 1113 3216 famem,
1135 3103 1264 3216 sitim,
1282 3103 1541 3217 nuditatem,
1560 3103 1739 3193 carceris
1756 3107 2011 3224 squalorem

579 3250 890 3370 patientissime
924 3254 1163 3371 pertulere,
1205 3282 1393 3370 cumque
1431 3252 1486 3339 ad
1524 3251 1778 3372 supplicium
1816 3253 2013 3342 duxisset

580 3397 788 3513 carnifex,
808 3423 853 3488 et
877 3401 996 3520 quod
1018 3400 1135 3488 dictu
1163 3422 1227 3488 est
1251 3400 1536 3514 horrendum,
1562 3400 1658 3490 viva
1682 3402 1822 3490 adhuc
1843 3423 1890 3490 et
1914 3403 2008 3522 pal-

581 3545 764 3666 pitantia
787 3549 918 3637 corda
940 3548 1188 3669 pectoribus
1212 3547 1370 3668 raptim
1387 3550 1532 3637 evulsa
1553 3548 1599 3638 in
1621 3579 1775 3638 eorum
1799 3581 1878 3639 ora
1900 3581 2011 3640 con·

581 3699 744 3824 jiceret,
765 3695 980 3818 simulque
1003 3698 1290 3818 exprobraret
1312 3727 1431 3786 suam
1450 3729 1554 3817 erga
1571 3704 1732 3819 Regem
1748 3699 2012 3790 inobedien-

582 3847 688 3938 tiam
711 3869 756 3934 et
777 3845 1077 3936 infidelitatem
1105 3882 1113 3936 :
1144 3853 1361 3959 «Nostra,
1387 3847 1654 3937 unanimiter
1670 3849 1890 3969 inquiunt,
1925 3848 2014 3938 illic

584 4018 685 4088 sunt
721 3998 866 4110 corda,
897 3997 972 4088 ubi
1011 4020 1075 4086 est
1114 3998 1339 4086 thesaurus
1380 4018 1527 4085 noster
1564 4002 1684 4088 Jesus
1723 3998 1938 4113 Christus,
1967 4020 2015 4089 et

583 4146 715 4236 fidem
739 4144 1120 4266 obedientiamque
1154 4168 1349 4234 nostram
1381 4146 1435 4236 ab
1469 4146 1543 4235 illo
1573 4177 1777 4267 supremo
1807 4147 2013 4274 omnium

586 4304 700 4418 Rege
724 4300 810 4416 jam
836 4296 1032 4385 audimus
1060 4295 1106 4384 in
1133 4297 1248 4386 coelis
1279 4297 1591 4411 commendari,
1612 4296 1686 4416 qui
1710 4320 1754 4385 et
1782 4301 1876 4417 Ipse
1896 4301 2014 4419 jam-

582 4451 670 4569 jam
692 4447 843 4566 incipit
859 4445 1069 4567 capitibus
1086 4445 1243 4537 nostris
1266 4448 1494 4568 imponere
1516 4475 1699 4534 coronas
1719 4445 1774 4534 de
1797 4444 2018 4564 lapidibus

582 4596 793 4717 pretiosis.
823 4602 924 4686 Haec
942 4618 990 4685 tu
1010 4595 1112 4715 Regi
1132 4618 1210 4685 tuo
1234 4595 1505 4708 renunciato,
1524 4617 1575 4683 ut
1597 4615 1641 4681 et
1664 4592 1698 4682 is
1714 4622 1793 4713 per
1811 4594 2016 4716 Ejusdem
2059 4612 2062 4616 ’

583 4744 919 4833 misericordiam
951 4744 1183 4865 aliquando
1210 4774 1454 4858 conversus,
1481 4742 1626 4832 divina
1650 4741 1789 4863 gratia
1811 4773 1908 4832 non
1935 4775 2017 4834 ex·
2050 4759 2053 4762 ’
