4740 6414
1075 665 1295 750 ,58-

466 876 628 969 docuit.
668 882 760 999 Ipse
801 909 978 999 quoque
1016 909 1126 999 quos
1164 875 1452 971 ferventiores
1489 903 1536 969 et
1567 879 1805 971 velociores
1846 879 1906 970 ad

465 1027 723 1119 currendam
745 1026 858 1118 viam
885 1028 1192 1119 mandatorum
1218 1029 1440 1145 cernebat,
1462 1029 1542 1119 hos
1565 1028 1801 1150 aliquando
1817 1059 1905 1152 pro

464 1207 619 1269 eorum
644 1175 880 1269 defectibus
901 1177 1050 1268 durius
1081 1178 1127 1266 in
1161 1184 1398 1271 Conventu
1420 1179 1562 1300 palam
1587 1180 1815 1300 arguebat,
1842 1179 1904 1270 ob

464 1326 718 1418 humilitatis
742 1326 1137 1449 praeservationem,
1163 1358 1284 1418 suam
1308 1328 1630 1449 vigilantiorem
1659 1328 1903 1421 custodiam

464 1500 510 1566 et
540 1479 767 1592 cautelam,
804 1508 859 1566 ne
888 1476 991 1567 talia
1017 1476 1298 1592 reiterarent‚
1340 1501 1473 1599 atque
1504 1501 1554 1569 ut
1592 1478 1822 1600 pigrorum
1858 1502 1905 1568 et

464 1626 739 1719 infirmorum
787 1627 1017 1748 repelleret
1063 1626 1339 1741 tarditatem,
1390 1628 1678 1720 incalescente
1727 1626 1904 1720 fervore

464 1781 672 1901 juvenum
705 1776 779 1897 qui
801 1775 861 1867 ibi
887 1776 1077 1867 scatebat
1108 1811 1116 1865 :
1151 1776 1322 1866 circiter
1353 1777 1472 1867 enim
1494 1777 1662 1899 viginti
1694 1801 1823 1868 erant
1857 1777 1906 1869 in

466 1926 541 2019 illo
565 1933 815 2040 Conventu,
842 1924 917 2046 qui
940 1956 1077 2015 annos
1099 1924 1279 2046 triginta
1303 1950 1406 2016 octo
1431 1958 1523 2017 non
1545 1926 1800 2047 attigerant,
1826 1958 1905 2019 ve·

193 2160 197 2166 .
268 2125 383 2173 ‚1v,1.
466 2106 565 2171 rum
611 2075 656 2164 in
704 2074 825 2165 brevi
865 2077 1195 2196 compleverunt
1241 2098 1442 2198 tempora
1484 2078 1634 2168 multa.
1677 2081 1769 2167 Hos
1810 2108 1906 2169 non

468 2228 607 2320 solum
630 2225 770 2317 verbis
791 2247 837 2314 et
853 2225 1061 2346 exemplis
1083 2227 1137 2315 ad
1160 2225 1359 2348 praelium
1376 2225 1724 2317 mortificationis
1747 2226 1904 2316 incita·

468 2379 558 2491 bat,
578 2374 880 2467 verumetiam
905 2372 1139 2464 multifarie
1165 2374 1401 2497 multisque
1427 2375 1564 2465 modis
1591 2377 1827 2466 exercebat
1850 2376 1906 2467 ad

468 2523 608 2614 illud:
646 2524 778 2616 modo
818 2521 1058 2616 auferendo
1097 2525 1153 2615 ab
1190 2524 1250 2615 eis
1287 2556 1384 2645 quae
1422 2524 1608 2615 maxime
1642 2524 1902 2645 diligebant,

470 2675 601 2765 modo
633 2674 835 2794 negando
859 2672 918 2763 eis
942 2704 1039 2793 quae
1062 2673 1411 2765 affectuosissime
1444 2675 1670 2796 petebant,
1691 2674 1905 2766 inclinans

470 2855 525 2914 ex
554 2824 638 2914 hoc
668 2822 714 2911 in
749 2822 855 2911 illud
884 2844 934 2912 ut
960 2853 1060 2911 cum
1091 2823 1286 2913 hostibus
1319 2854 1517 2945 pugnare
1559 2846 1604 2913 et
1625 2824 1905 2946 *tempestive

470 2974 686 3092 abnegare
724 2969 882 3091 seipsos
919 2969 1147 3060 discerent.
1181 2980 1325 3092 Atque
1350 3004 1519 3063 summa
1542 3004 1643 3063 cum
1668 2972 1904 3094 prudentia

469 3124 804 3246 uniuscujusque
844 3121 1194 3242 complexionem
1231 3145 1277 3211 et
1308 3120 1635 3243 dispositionem
1673 3122 1900 3243 pensabat.

470 3274 660 3383 Quando
698 3302 802 3363 vero
842 3270 1031 3390 aliquem
1070 3271 1216 3361 taliter
1253 3271 1492 3392 probasset,
1518 3270 1679 3361 iterum
1710 3270 1904 3363 diluculo

468 3423 665 3517 visitabat
684 3422 807 3513 illum
830 3452 886 3510 ne
912 3419 1045 3511 nimia
1068 3422 1377 3512 absorberetur
1399 3420 1588 3536 tristitia,
1602 3421 1736 3541 idque
1762 3421 1901 3513 inter·
1977 3406 1982 3410 ⁶

468 3572 573 3666 dum
598 3600 676 3692 per
698 3571 900 3691 seipsum,
924 3572 999 3661 sed
1021 3569 1172 3691 saepius
1194 3602 1273 3692 per
1296 3571 1417 3686 alios,
1440 3602 1496 3660 ne
1519 3570 1654 3662 nimia
1679 3569 1901 3662 familiari·

469 3745 533 3811 tas
548 3743 720 3842 pareret
741 3743 1058 3841 contemptum.
1076 3726 1124 3811 Et
1141 3743 1245 3810 tunc
1264 3720 1466 3810 mittebat
1481 3720 1541 3811 eis
1558 3720 1701 3841 aliqua
1711 3720 1899 3835 xeniola,

469 3869 741 3958 considerans
766 3869 885 3989 quod
900 3899 980 3989 per
1001 3869 1100 3958 talia
1126 3867 1308 3959 faciliter
1323 3869 1638 3961 dormitionem
1656 3869 1903 3991 acciperent

468 4018 675 4144 juveniles
701 4017 1033 4133 mussitationes,
1063 4049 1111 4108 ac
1136 4019 1268 4110 etiam
1296 4043 1346 4109 ut
1369 4019 1584 4111 animaret
1608 4051 1683 4110 eos
1716 4020 1772 4111 ad
1798 4050 1902 4142 pro·

467 4167 700 4260 ficiendum
728 4167 771 4257 in
803 4189 946 4288 coepto
970 4167 1142 4260 itinere.
1171 4167 1233 4258 llli
1258 4199 1363 4259 vero
1387 4168 1552 4259 malitia
1580 4168 1747 4290 parvuli
1778 4191 1904 4261 erant

468 4341 514 4412 et
550 4318 637 4408 cito
675 4319 970 4439 placabantur,
996 4340 1225 4440 pensantes
1252 4319 1373 4438 quod
1400 4340 1584 4440 propter
1616 4348 1771 4409 eorum
1800 4350 1903 4440 pro-

467 4467 607 4592 priam
637 4469 818 4558 salutem
851 4491 896 4560 et
927 4466 1170 4589 profectum
1197 4468 1346 4558 omnia
1372 4468 1551 4560 fiebant.
1589 4474 1691 4560 Non
1717 4490 1814 4559 erat
1842 4467 1905 4560 ibi

469 4616 757 4709 murmuratio
788 4649 868 4707 nec
899 4616 1187 4737 querimonia,
1217 4649 1352 4739 quare
1382 4619 1466 4709 hoc
1488 4642 1565 4711 aut
1594 4618 1704 4709 illud
1727 4616 1899 4735 fecerit,

471 4789 547 4856 aut
573 4767 632 4856 ita
665 4798 734 4855 me
770 4767 1016 4857 tractaverit
1049 4773 1175 4859 Pater
1208 4766 1354 4882 Prior,
1390 4768 1466 4858 sed
1493 4766 1639 4889 seipsis
1671 4766 1901 4888 abnegatis
