4776 6390
524 2855 742 2922 Marthama&

493 3977 621 4031 chorites.

1400 668 1619 777 ..78-

786 877 922 969 sortio
952 883 1148 969 Fratrum
1178 909 1373 996 suorum,
1402 912 1501 971 cum
1530 881 1686 1001 quibus
1718 903 1851 972 staret
1884 903 1930 972 et
1962 881 2219 974 consisteret

785 1027 832 1118 in
857 1029 982 1118 laude
1012 1029 1114 1145 Dei;
1143 1028 1370 1120 etidcirco
1396 1031 1582 1121 electum
1607 1062 1651 1122 se
1675 1064 1766 1123 esse
1788 1032 1835 1123 in
1857 1031 2049 1123 officium
2077 1034 2214 1148 Juda,

785 1198 837 1268 ut
862 1209 960 1268 cum
991 1180 1101 1269 Juda
1131 1179 1178 1269 in
1207 1179 1295 1268 fine
1316 1179 1563 1295 damnetur,
1588 1211 1633 1270 se
1662 1181 1819 1272 timere
1857 1180 2011 1273 aiebat.
2043 1181 2218 1290 Quibus

785 1329 984 1451 lacrymis
1022 1330 1129 1420 illud
1169 1330 1358 1420 officium
1400 1331 1695 1421 Procuratoris
1735 1332 1989 1454 susceperit,
2030 1362 2217 1453 quaeque

786 1480 928 1568 media
944 1479 1217 1601 investigavit
1233 1502 1284 1570 ut
1294 1480 1348 1570 ab
1363 1480 1439 1569 illo
1449 1503 1778 1598 exoneraretur,
1793 1503 2013 1572 noverunt
2025 1480 2217 1573 universi

786 1628 897 1719 illius
931 1634 1110 1720 Domus.
1147 1636 1382 1750 Nunquam
1408 1629 1483 1719 illo
1511 1630 1738 1721 cordialius
1767 1632 1991 1722 dolentem
2020 1653 2067 1722 et
2096 1662 2215 1722 ama·

785 1778 873 1868 rius
912 1780 1157 1900 plorantem
1197 1778 1281 1870 vidi
1319 1810 1600 1900 quemquam,
1637 1812 1789 1901 quum,
1826 1780 2060 1872 solitudine
2099 1781 2217 1871 cellae

786 1927 949 2044 relicta,
969 1928 1015 2018 in
1039 1929 1276 2019 tumultum
1301 1929 1568 2019 saecularium
1593 1929 1748 2046 exiret,
1774 1930 2020 2054 injunctum
2038 1929 2120 2021 sibi
2136 1930 2216 2021 sub

785 2077 1034 2167 obedientia
1056 2099 1336 2168 exsecuturus
1359 2078 1569 2193 officium
1595 2110 1732 2199 quum
1756 2081 1810 2170 de
1827 2080 2040 2202 pellicano
2062 2079 2216 2170 solitu·

785 2226 896 2317 dinis
923 2228 1049 2317 fieret
1076 2249 1225 2318 taurus
1259 2227 1431 2349 pinguis
1470 2249 1595 2348 aptus
1625 2230 1679 2319 ad
1709 2204 2010 2345 occidendum,
2045 2229 2102 2318 de
2132 2258 2216 2351 ny·

771 2376 994 2467 xcticorace
1020 2379 1066 2467 in
1097 2377 1316 2468 domicilio
1353 2408 1506 2468 corvus
1532 2379 1744 2468 devorans
1770 2379 1817 2468 in
1847 2378 2134 2494 torrentibus,
2170 2398 2218 2469 et

784 2528 840 2617 de
870 2558 1037 2649 passere
1078 2527 1270 2618 solitario
1300 2528 1426 2617 fieret
1459 2528 1602 2649 aquila
1638 2558 1768 2650 super
1797 2530 1979 2620 domum
2017 2527 2212 2619 Domini.

788 2679 925 2767 Dolor
944 2679 1097 2799 ingens
1121 2701 1225 2767 tunc
1251 2676 1416 2767 attrivit
1440 2707 1516 2767 cor
1542 2682 1633 2800 ejus
1656 2678 1836 2794 humile,
1861 2678 2087 2768 inventam
2114 2708 2215 2800 pre·

783 2830 937 2922 tiosam
959 2828 1237 2948 margaritam
1259 2828 1492 2917 verebatur
1507 2828 1707 2948 perdere,
1726 2849 1901 2949 gustato
1923 2827 2104 2950 insuper
2124 2826 2213 2949 spi-

782 2980 871 3072 ritu
893 2976 1094 3098 dulcique
1118 2977 1265 3098 quiete
1291 2976 1547 3091 solitudinis,
1570 2976 1808 3098 desipiebat
1824 3006 1925 3066 caro
1950 2977 2217 3098 libertasque

784 3129 959 3221 servilis.

846 3278 1013 3369 Similes
1035 3275 1099 3366 sui
1121 3276 1168 3365 in
1191 3276 1274 3366 hoc
1298 3298 1423 3364 erant
1450 3297 1495 3364 et
1525 3273 1595 3365 alii
1623 3276 1915 3397 quamplures,
1944 3274 2020 3396 qui
2048 3277 2216 3366 malue-

599 3504 606 3519 .
666 3504 674 3531 ,
710 3503 716 3517 .
784 3451 884 3521 rant
905 3427 1054 3517 sedere
1078 3426 1125 3514 in
1147 3425 1309 3546 angulo
1331 3423 1516 3514 domatis
1541 3455 1674 3545 quam
1699 3455 1797 3515 cum
1822 3424 2005 3515 muliere
2028 3424 2217 3547 litigiosa

784 3604 830 3672 et
861 3578 907 3668 in
938 3578 1073 3667 domo
1107 3574 1342 3665 communi.
1380 3581 1578 3664 Mutuam
1608 3574 1864 3664 charitatem
1895 3574 2089 3691 illorum,
2123 3605 2217 3666 non

784 3729 925 3821 solum
949 3749 1093 3846 gestus
1118 3748 1162 3815 et
1180 3725 1311 3816 verba
1334 3724 1490 3845 quibus
1516 3755 1560 3814 se
1585 3723 1770 3813 invicem
1787 3754 1960 3845 semper
1980 3725 2216 3847 amplexati

525 3917 620 3969 unu
644 3915 758 3967 snorum
783 3899 900 3993 sunt,
929 3877 1003 3966 sed
1025 3873 1292 3997 permaxime
1314 3872 1405 3995 ipsa
1431 3873 1500 3994 pia
1526 3872 1769 3964 sollicitudo
1786 3873 1935 3996 (quam
1951 3904 2067 3964 unus
2088 3904 2213 3996 gere·

783 4028 859 4120 bat
890 4055 973 4148 pro
1003 4024 1157 4143 altero)
1195 4022 1242 4113 in
1276 4022 1480 4112 omnibus
1511 4021 1592 4111 illis
1623 4023 1744 4112 malis
1774 4022 1932 4144 quibus
1961 4022 2213 4115 circumdati

782 4199 909 4267 erant
935 4173 1165 4298 (praecipue
1191 4173 1368 4293 quando
1400 4171 1559 4263 cibaria
1583 4173 1817 4263 domorum
1847 4203 1927 4295 per
1959 4173 2214 4296 praepositos

784 4331 952 4418 Domus
975 4324 1117 4413 ablata
1140 4345 1266 4412 erant
1288 4322 1343 4412 ab
1359 4321 1450 4442 eis),
1478 4322 1749 4413 ostendebat.
1768 4324 2011 4432 Quomodo
2035 4352 2211 4447 compa·

781 4474 1005 4568 tiebantur
1045 4473 1204 4595 singuli
1244 4471 1515 4592 singulorum
1554 4470 1708 4561 inediae
1748 4495 1794 4562 et
1832 4470 1951 4589 sami,
1986 4474 2212 4593 quomodo

781 4647 888 4716 tunc
920 4655 964 4714 se
998 4645 1155 4712 mutuo
1188 4621 1539 4736 consolabantur,
1568 4650 1760 4742 quasque
1783 4621 2116 4714 adinventiones
2136 4653 2210 4714 ex·

781 4775 1065 4897 ploraverunt
1088 4802 1167 4894 per
1193 4802 1298 4892 quas
1321 4770 1412 4860 aliis
1433 4770 1718 4861 subvenirent
1743 4793 1790 4862 et
1815 4802 1971 4862 eorum
1998 4769 2209 4863 refocilla-
