<?xml version="1.0" encoding="UTF-8"?>
<!DOCTYPE html PUBLIC "-//W3C//DTD XHTML 1.0 Transitional//EN"
    "http://www.w3.org/TR/xhtml1/DTD/xhtml1-transitional.dtd">
<html xmlns="http://www.w3.org/1999/xhtml" xml:lang="en" lang="en">
 <head>
  <title>
</title>
<meta http-equiv="Content-Type" content="text/html;charset=utf-8" />
  <meta name='ocr-system' content='tesseract 3.04.00' />
  <meta name='ocr-capabilities' content='ocr_page ocr_carea ocr_par ocr_line ocrx_word'/>
</head>
<body>
  <div class='ocr_page' id='page_1' title='image "./historiaaliquot00chaugoog_0157.png"; bbox 0 0 4740 6414; ppageno 0'>
   <div class='ocr_carea' id='block_1_1' title="bbox 1206 690 1447 746">
    <p class='ocr_par' dir='ltr' id='par_1_1' title="bbox 1206 690 1447 746">
     <span class='ocr_line' id='line_1_1' title="bbox 1206 690 1447 746; baseline 0.008 -2"><span class='ocrx_word' id='word_1_1' title='bbox 1206 690 1447 746; x_wconf 82' lang='lat'>-120—</span> 
     </span>
    </p>
   </div>
   <div class='ocr_carea' id='block_1_2' title="bbox 354 870 2043 1593">
    <p class='ocr_par' dir='ltr' id='par_1_2' title="bbox 354 870 2043 1593">
     <span class='ocr_line' id='line_1_2' title="bbox 614 870 2043 995; baseline 0.003 -35"><span class='ocrx_word' id='word_1_2' title='bbox 614 870 757 992; x_wconf 91' lang='lat' dir='ltr'>potius</span> <span class='ocrx_word' id='word_1_3' title='bbox 774 870 973 962; x_wconf 87' lang='lat' dir='ltr'>deflenda</span> <span class='ocrx_word' id='word_1_4' title='bbox 991 905 1123 995; x_wconf 93' lang='lat' dir='ltr'>quam</span> <span class='ocrx_word' id='word_1_5' title='bbox 1138 872 1374 990; x_wconf 81' lang='lat' dir='ltr'>recitanda,</span> <span class='ocrx_word' id='word_1_6' title='bbox 1395 877 1722 966; x_wconf 87' lang='lat' dir='ltr'>commiserunt.</span> <span class='ocrx_word' id='word_1_7' title='bbox 1744 883 1875 966; x_wconf 88' lang='lat' dir='ltr'>Anno</span> <span class='ocrx_word' id='word_1_8' title='bbox 1893 898 2043 965; x_wconf 88' lang='lat' dir='ltr'>tamen</span> 
     </span>
     <span class='ocr_line' id='line_1_3' title="bbox 614 1021 2043 1141; baseline 0.002 -31"><span class='ocrx_word' id='word_1_9' title='bbox 614 1021 858 1141; x_wconf 89' lang='lat' dir='ltr'>penultimo</span> <span class='ocrx_word' id='word_1_10' title='bbox 892 1045 1125 1138; x_wconf 83' lang='lat' dir='ltr'>transact0,</span> <span class='ocrx_word' id='word_1_11' title='bbox 1160 1025 1368 1114; x_wconf 89' lang='lat' dir='ltr'>mundata</span> <span class='ocrx_word' id='word_1_12' title='bbox 1406 1045 1470 1114; x_wconf 91' lang='lat' dir='ltr'>est</span> <span class='ocrx_word' id='word_1_13' title='bbox 1502 1025 1657 1115; x_wconf 90' lang='lat' dir='ltr'>domus</span> <span class='ocrx_word' id='word_1_14' title='bbox 1692 1047 1843 1115; x_wconf 89' lang='lat' dir='ltr'>nostra</span> <span class='ocrx_word' id='word_1_15' title='bbox 1885 1025 1939 1115; x_wconf 95' lang='lat' dir='ltr'>ab</span> <span class='ocrx_word' id='word_1_16' title='bbox 1976 1023 2043 1113; x_wconf 95' lang='lat' dir='ltr'>his</span> 
     </span>
     <span class='ocr_line' id='line_1_4' title="bbox 354 1170 2039 1291; baseline 0.003 -33"><span class='ocrx_word' id='word_1_17' title='bbox 354 1187 435 1237; x_wconf 64' lang='lat' dir='ltr'>cneo</span> <span class='ocrx_word' id='word_1_18' title='bbox 458 1187 584 1236; x_wconf 62' lang='lat' dir='ltr'>traditur·</span> <span class='ocrx_word' id='word_1_19' title='bbox 613 1170 826 1291; x_wconf 86' lang='lat' dir='ltr'>spurcitiis</span> <span class='ocrx_word' id='word_1_20' title='bbox 849 1194 894 1261; x_wconf 88' lang='lat' dir='ltr'>et</span> <span class='ocrx_word' id='word_1_21' title='bbox 918 1173 1018 1262; x_wconf 92' lang='lat' dir='ltr'>data</span> <span class='ocrx_word' id='word_1_22' title='bbox 1042 1172 1211 1264; x_wconf 91' lang='lat' dir='ltr'>cuidam</span> <span class='ocrx_word' id='word_1_23' title='bbox 1237 1172 1375 1284; x_wconf 87' lang='lat' dir='ltr'>militi,</span> <span class='ocrx_word' id='word_1_24' title='bbox 1401 1173 1580 1263; x_wconf 90' lang='lat' dir='ltr'>nomine</span> <span class='ocrx_word' id='word_1_25' title='bbox 1615 1175 1811 1265; x_wconf 82' lang='lat' dir='ltr'>Eduardo</span> <span class='ocrx_word' id='word_1_26' title='bbox 1848 1176 1993 1264; x_wconf 87' lang='lat' dir='ltr'>North</span> <span class='ocrx_word' id='word_1_27' title='bbox 2014 1187 2039 1284; x_wconf 85' lang='lat'>¹,</span> 
     </span>
     <span class='ocr_line' id='line_1_5' title="bbox 614 1320 2033 1445; baseline 0.001 -35"><span class='ocrx_word' id='word_1_28' title='bbox 614 1321 687 1442; x_wconf 94' lang='lat' dir='ltr'>qui</span> <span class='ocrx_word' id='word_1_29' title='bbox 704 1320 811 1412; x_wconf 93' lang='lat' dir='ltr'>inibi</span> <span class='ocrx_word' id='word_1_30' title='bbox 827 1327 914 1445; x_wconf 90' lang='lat' dir='ltr'>jam</span> <span class='ocrx_word' id='word_1_31' title='bbox 931 1322 1009 1413; x_wconf 84' lang='lat' dir='ltr'>sibi</span> <span class='ocrx_word' id='word_1_32' title='bbox 1032 1323 1275 1413; x_wconf 87' lang='lat' dir='ltr'>construxit</span> <span class='ocrx_word' id='word_1_33' title='bbox 1292 1323 1515 1445; x_wconf 87' lang='lat' dir='ltr'>palatium,</span> <span class='ocrx_word' id='word_1_34' title='bbox 1535 1324 1589 1412; x_wconf 86' lang='lat' dir='ltr'>de</span> <span class='ocrx_word' id='word_1_35' title='bbox 1606 1323 1781 1414; x_wconf 88' lang='lat' dir='ltr'>ecclesia</span> <span class='ocrx_word' id='word_1_36' title='bbox 1797 1323 2033 1413; x_wconf 90' lang='lat' dir='ltr'>triclinium</span> 
     </span>
     <span class='ocr_line' id='line_1_6' title="bbox 614 1469 1915 1593; baseline 0 -32"><span class='ocrx_word' id='word_1_37' title='bbox 614 1503 739 1561; x_wconf 92' lang='lat' dir='ltr'>suum</span> <span class='ocrx_word' id='word_1_38' title='bbox 765 1469 880 1587; x_wconf 87' lang='lat' dir='ltr'>fecit,</span> <span class='ocrx_word' id='word_1_39' title='bbox 900 1495 946 1562; x_wconf 90' lang='lat' dir='ltr'>et</span> <span class='ocrx_word' id='word_1_40' title='bbox 967 1475 1287 1593; x_wconf 87' lang='lat' dir='ltr'>propemodum</span> <span class='ocrx_word' id='word_1_41' title='bbox 1311 1495 1455 1563; x_wconf 92' lang='lat' dir='ltr'>totum</span> <span class='ocrx_word' id='word_1_42' title='bbox 1479 1474 1713 1563; x_wconf 89' lang='lat' dir='ltr'>claustrum</span> <span class='ocrx_word' id='word_1_43' title='bbox 1745 1472 1915 1563; x_wconf 86' lang='lat' dir='ltr'>evertit.</span> 
     </span>
    </p>
   </div>
   <div class='ocr_carea' id='block_1_3' title="bbox 610 1775 2042 2944">
    <p class='ocr_par' dir='ltr' id='par_1_3' title="bbox 610 1775 2042 2944">
     <span class='ocr_line' id='line_1_7' title="bbox 676 1775 2041 1895; baseline 0.001 -31"><span class='ocrx_word' id='word_1_44' title='bbox 676 1780 778 1865; x_wconf 90' lang='lat' dir='ltr'>Haec</span> <span class='ocrx_word' id='word_1_45' title='bbox 803 1797 867 1864; x_wconf 87' lang='lat' dir='ltr'>est</span> <span class='ocrx_word' id='word_1_46' title='bbox 890 1805 1058 1864; x_wconf 90' lang='lat' dir='ltr'>summa</span> <span class='ocrx_word' id='word_1_47' title='bbox 1074 1775 1301 1895; x_wconf 86' lang='lat' dir='ltr'>legationis</span> <span class='ocrx_word' id='word_1_48' title='bbox 1321 1806 1443 1890; x_wconf 88' lang='lat' dir='ltr'>meae‚</span> <span class='ocrx_word' id='word_1_49' title='bbox 1467 1776 1717 1865; x_wconf 80' lang='lat' dir='ltr'>Reverendo</span> <span class='ocrx_word' id='word_1_50' title='bbox 1737 1782 1879 1889; x_wconf 88' lang='lat' dir='ltr'>Pater,</span> <span class='ocrx_word' id='word_1_51' title='bbox 1901 1797 1946 1864; x_wconf 89' lang='lat' dir='ltr'>et</span> <span class='ocrx_word' id='word_1_52' title='bbox 1969 1775 2041 1865; x_wconf 87' lang='lat' dir='ltr'>ille</span> 
     </span>
     <span class='ocr_line' id='line_1_8' title="bbox 612 1918 2038 2045; baseline 0 -31"><span class='ocrx_word' id='word_1_53' title='bbox 612 1947 676 2015; x_wconf 90' lang='lat' dir='ltr'>est</span> <span class='ocrx_word' id='word_1_54' title='bbox 697 1956 874 2015; x_wconf 91' lang='lat' dir='ltr'>somnus</span> <span class='ocrx_word' id='word_1_55' title='bbox 903 1957 1032 2045; x_wconf 90' lang='lat' dir='ltr'>quem</span> <span class='ocrx_word' id='word_1_56' title='bbox 1061 1925 1180 2015; x_wconf 89' lang='lat' dir='ltr'>dedit</span> <span class='ocrx_word' id='word_1_57' title='bbox 1206 1926 1417 2016; x_wconf 90' lang='lat' dir='ltr'>Dominus</span> <span class='ocrx_word' id='word_1_58' title='bbox 1441 1924 1604 2015; x_wconf 89' lang='lat' dir='ltr'>dilectis</span> <span class='ocrx_word' id='word_1_59' title='bbox 1629 1924 1728 2040; x_wconf 88' lang='lat' dir='ltr'>suis,</span> <span class='ocrx_word' id='word_1_60' title='bbox 1750 1924 1845 2014; x_wconf 91' lang='lat' dir='ltr'>filiis</span> <span class='ocrx_word' id='word_1_61' title='bbox 1871 1918 2038 2038; x_wconf 85' lang='lat' dir='ltr'>vestris,</span> 
     </span>
     <span class='ocr_line' id='line_1_9' title="bbox 613 2071 2042 2198; baseline -0.001 -34"><span class='ocrx_word' id='word_1_62' title='bbox 613 2075 821 2196; x_wconf 90' lang='lat' dir='ltr'>quoniam</span> <span class='ocrx_word' id='word_1_63' title='bbox 848 2071 1012 2165; x_wconf 86' lang='lat' dir='ltr'>fructus</span> <span class='ocrx_word' id='word_1_64' title='bbox 1046 2097 1111 2164; x_wconf 91' lang='lat' dir='ltr'>est</span> <span class='ocrx_word' id='word_1_65' title='bbox 1141 2079 1269 2198; x_wconf 89' lang='lat' dir='ltr'>justo.</span> <span class='ocrx_word' id='word_1_66' title='bbox 1308 2071 1459 2196; x_wconf 85' lang='lat' dir='ltr'>ltaque</span> <span class='ocrx_word' id='word_1_67' title='bbox 1495 2073 1700 2198; x_wconf 88' lang='lat' dir='ltr'>judicavit</span> <span class='ocrx_word' id='word_1_68' title='bbox 1732 2105 1806 2164; x_wconf 91' lang='lat' dir='ltr'>eos</span> <span class='ocrx_word' id='word_1_69' title='bbox 1845 2078 1960 2164; x_wconf 88' lang='lat' dir='ltr'>Deus</span> <span class='ocrx_word' id='word_1_70' title='bbox 1995 2075 2042 2163; x_wconf 93' lang='lat' dir='ltr'>in</span> 
     </span>
     <span class='ocr_line' id='line_1_10' title="bbox 613 2219 2040 2346; baseline -0.001 -33"><span class='ocrx_word' id='word_1_71' title='bbox 613 2248 727 2313; x_wconf 87' lang='lat' dir='ltr'>terra</span> <span class='ocrx_word' id='word_1_72' title='bbox 757 2246 807 2315; x_wconf 93' lang='lat' dir='ltr'>ut</span> <span class='ocrx_word' id='word_1_73' title='bbox 839 2222 1030 2314; x_wconf 88' lang='lat' dir='ltr'>fructum</span> <span class='ocrx_word' id='word_1_74' title='bbox 1059 2227 1154 2344; x_wconf 92' lang='lat' dir='ltr'>plus</span> <span class='ocrx_word' id='word_1_75' title='bbox 1187 2223 1393 2313; x_wconf 88' lang='lat' dir='ltr'>afferrent</span> <span class='ocrx_word' id='word_1_76' title='bbox 1425 2223 1471 2313; x_wconf 97' lang='lat' dir='ltr'>in</span> <span class='ocrx_word' id='word_1_77' title='bbox 1502 2223 1712 2344; x_wconf 87' lang='lat' dir='ltr'>patientia</span> <span class='ocrx_word' id='word_1_78' title='bbox 1749 2244 1795 2313; x_wconf 90' lang='lat' dir='ltr'>et</span> <span class='ocrx_word' id='word_1_79' title='bbox 1827 2219 2040 2346; x_wconf 85' lang='lat' dir='ltr'>majorem</span> 
     </span>
     <span class='ocr_line' id='line_1_11' title="bbox 611 2372 2040 2494; baseline -0.001 -32"><span class='ocrx_word' id='word_1_80' title='bbox 611 2374 793 2494; x_wconf 85' lang='lat' dir='ltr'>gloriam</span> <span class='ocrx_word' id='word_1_81' title='bbox 827 2372 1103 2494; x_wconf 82' lang='lat' dir='ltr'>acquirerent</span> <span class='ocrx_word' id='word_1_82' title='bbox 1134 2373 1180 2462; x_wconf 90' lang='lat' dir='ltr'>in</span> <span class='ocrx_word' id='word_1_83' title='bbox 1214 2373 1466 2463; x_wconf 84' lang='lat' dir='ltr'>haereditate</span> <span class='ocrx_word' id='word_1_84' title='bbox 1501 2372 1693 2486; x_wconf 87' lang='lat' dir='ltr'>Domini,</span> <span class='ocrx_word' id='word_1_85' title='bbox 1725 2403 1856 2494; x_wconf 89' lang='lat' dir='ltr'>quam</span> <span class='ocrx_word' id='word_1_86' title='bbox 1886 2404 1911 2461; x_wconf 89' lang='lat' dir='ltr'>a</span> <span class='ocrx_word' id='word_1_87' title='bbox 1945 2378 2040 2462; x_wconf 86' lang='lat' dir='ltr'>Deo</span> 
     </span>
     <span class='ocr_line' id='line_1_12' title="bbox 611 2522 2039 2644; baseline -0.001 -31"><span class='ocrx_word' id='word_1_88' title='bbox 611 2525 756 2613; x_wconf 90' lang='lat' dir='ltr'>datam</span> <span class='ocrx_word' id='word_1_89' title='bbox 782 2554 871 2613; x_wconf 88' lang='lat' dir='ltr'>esse</span> <span class='ocrx_word' id='word_1_90' title='bbox 895 2522 961 2612; x_wconf 92' lang='lat' dir='ltr'>his</span> <span class='ocrx_word' id='word_1_91' title='bbox 988 2523 1141 2613; x_wconf 89' lang='lat' dir='ltr'>sanctis</span> <span class='ocrx_word' id='word_1_92' title='bbox 1170 2524 1254 2613; x_wconf 89' lang='lat' dir='ltr'>suis</span> <span class='ocrx_word' id='word_1_93' title='bbox 1284 2523 1358 2644; x_wconf 93' lang='lat' dir='ltr'>qui</span> <span class='ocrx_word' id='word_1_94' title='bbox 1385 2523 1516 2613; x_wconf 90' lang='lat' dir='ltr'>fidem</span> <span class='ocrx_word' id='word_1_95' title='bbox 1543 2554 1664 2613; x_wconf 92' lang='lat' dir='ltr'>suam</span> <span class='ocrx_word' id='word_1_96' title='bbox 1687 2552 1915 2644; x_wconf 91' lang='lat' dir='ltr'>nunquam</span> <span class='ocrx_word' id='word_1_97' title='bbox 1942 2553 2039 2612; x_wconf 93' lang='lat' dir='ltr'>mu-</span> 
     </span>
     <span class='ocr_line' id='line_1_13' title="bbox 611 2672 2039 2795; baseline -0.001 -32"><span class='ocrx_word' id='word_1_98' title='bbox 611 2695 815 2763; x_wconf 91' lang='lat' dir='ltr'>taverunt</span> <span class='ocrx_word' id='word_1_99' title='bbox 840 2673 894 2763; x_wconf 91' lang='lat' dir='ltr'>ab</span> <span class='ocrx_word' id='word_1_100' title='bbox 921 2677 979 2764; x_wconf 84' lang='lat' dir='ltr'>Eo</span> <span class='ocrx_word' id='word_1_101' title='bbox 997 2674 1170 2795; x_wconf 86' lang='lat' dir='ltr'>(quibus</span> <span class='ocrx_word' id='word_1_102' title='bbox 1195 2696 1487 2795; x_wconf 89' lang='lat' dir='ltr'>cooperantur</span> <span class='ocrx_word' id='word_1_103' title='bbox 1511 2673 1660 2762; x_wconf 90' lang='lat' dir='ltr'>omnia</span> <span class='ocrx_word' id='word_1_104' title='bbox 1680 2673 1726 2762; x_wconf 93' lang='lat' dir='ltr'>in</span> <span class='ocrx_word' id='word_1_105' title='bbox 1750 2673 1917 2762; x_wconf 93' lang='lat' dir='ltr'>bonum</span> <span class='ocrx_word' id='word_1_106' title='bbox 1943 2672 2039 2762; x_wconf 67' lang='lat' dir='ltr'>dili:</span> 
     </span>
     <span class='ocr_line' id='line_1_14' title="bbox 610 2821 1323 2944; baseline 0.003 -33"><span class='ocrx_word' id='word_1_107' title='bbox 610 2823 812 2944; x_wconf 87' lang='lat' dir='ltr'>gentibus</span> <span class='ocrx_word' id='word_1_108' title='bbox 835 2821 911 2942; x_wconf 80' lang='lat' dir='ltr'>se),</span> <span class='ocrx_word' id='word_1_109' title='bbox 933 2854 1024 2912; x_wconf 90' lang='lat' dir='ltr'>non</span> <span class='ocrx_word' id='word_1_110' title='bbox 1050 2823 1323 2944; x_wconf 87' lang='lat' dir='ltr'>ambigimus.</span> 
     </span>
    </p>
   </div>
   <div class='ocr_carea' id='block_1_4' title="bbox 0 0 2374 6409">
    <p class='ocr_par' dir='ltr' id='par_1_4' title="bbox 0 0 2374 6409">
     <span class='ocr_line' id='line_1_15' title="bbox 0 0 2374 6409; baseline 0 0"><span class='ocrx_word' id='word_1_111' title='bbox 0 0 2374 6409; x_wconf 95' lang='lat' dir='ltr'> </span> 
     </span>
    </p>
   </div>
  </div>
 </body>
</html>
