4740 6414
1189 681 1405 758 ..42-

587 864 772 954 tendens
803 863 851 953 in
884 864 1084 985 proxima
1116 864 1409 957 celebratione
1447 897 1524 957 sua
1565 866 1672 957 illud
1709 897 1898 958 sumere.
1931 869 2024 958 Sed

297 1042 561 1164 “gagaggi
587 1013 721 1136 prius,
739 1013 945 1104 accersito
968 1015 1160 1136 quodam
1177 1016 1339 1105 devoto
1358 1021 1502 1107 Fratre
1521 1020 1749 1107 Converso
1768 1029 1778 1066 ¹
1806 1016 1875 1108 cui
1900 1023 2024 1108 Deus

297 1171 424 1233 '’W“
440 1166 560 1217 “¹⁰³2
587 1165 743 1254 crebro
761 1166 898 1254 multa
920 1163 1281 1255 certitudinaliter
1295 1167 1562 1257 revelaverat
1576 1169 1880 1290 (quaecumque
1896 1167 2022 1257 enim

588 1337 843 1436 poposcerat
874 1346 900 1404 a
933 1319 1044 1429 Deo,
1079 1313 1224 1404 statim
1258 1315 1378 1405 dedit
1418 1315 1479 1405 illi
1520 1316 1853 1437 benignissimus
1899 1322 2023 1407 Deus

587 1493 859 1585 responsum,
888 1464 997 1553 adeo
1031 1469 1125 1553 Deo
1162 1462 1397 1580 familiaris,
1426 1489 1575 1586 gratus
1608 1489 1654 1555 et
1693 1467 1847 1556 charus
1881 1489 2017 1556 erat:

588 1636 744 1703 notum
767 1615 851 1703 hoc
873 1639 970 1703 erat
992 1613 1039 1702 in
1062 1613 1208 1703 multis
1238 1614 1508 1734 argumentis
1530 1646 1610 1736 per
1627 1638 1767 1705 totam
1787 1615 2019 1736 Domum),

587 1763 688 1853 huic
727 1763 863 1883 igitur
900 1762 1118 1854 intimavit
1160 1769 1286 1853 Pater
1326 1763 1508 1854 Sacrista
1551 1766 1828 1885 propositum
1868 1797 2018 1879 suum,

588 1935 741 2034 petens
766 1914 820 2004 ab
843 1945 899 2002 eo
921 1936 971 2003 ut
993 1913 1040 2002 in
1059 1936 1150 2003 tam
1166 1913 1300 2002 ardua
1317 1943 1364 2003 re
1395 1937 1598 2003 exoraret
1624 1920 1767 2004 Deum
1784 1946 1869 2036 pro
1890 1915 2021 2036 agni·

588 2064 709 2155 tione
735 2064 798 2154 sui
829 2063 1112 2185 beneplaciti,
1146 2061 1409 2154 formidabat
1440 2064 1558 2154 enim
1596 2066 1856 2156 comburere
1889 2065 2018 2181 illud,

588 2238 634 2305 et
669 2245 840 2304 sumere
875 2214 1201 2334 quodammodo
1233 2215 1512 2304 abhorrebat.
1556 2219 1676 2304 Jussa
1721 2216 2024 2335 completurus

588 2365 660 2454 ille
713 2370 859 2454 Frater
905 2369 1167 2476 Conversus,
1205 2363 1396 2453 divinam
1440 2363 1610 2453 enixius
1652 2364 1908 2484 deprecatus
1954 2387 2024 2454 est

589 2515 897 2629 Clementiam,
911 2538 1126 2634 quatenus
1142 2512 1284 2601 eidem
1299 2542 1429 2634 super
1445 2515 1526 2602 hac
1545 2544 1593 2602 re
1615 2514 1792 2634 aliquod
1807 2513 2022 2603 indicium

589 2664 887 2754 demonstrare
921 2664 1189 2782 dignaretur.
1225 2667 1272 2752 Et
1304 2694 1419 2776 ecce,
1447 2685 1646 2783 tempore
1680 2663 2020 2779 Matutinarum,

409 2872 481 2920 aa,
515 2894 522 2906 .
589 2819 635 2908 in
658 2815 810 2937 spiritu
833 2814 1011 2936 positus,
1041 2812 1146 2902 vidit
1167 2813 1342 2902 turbam
1360 2844 1562 2933 magnam
1580 2844 1714 2932 quam
1737 2812 2024 2903 dinumerare

589 2999 721 3058 nemo
756 2987 944 3087 poterat,
971 2963 1016 3052 in
1046 2961 1151 3052 albis
1183 2961 1396 3077 vestitam,
1426 2993 1616 3081 quorum
1646 2962 1804 3082 singuli
1839 2993 2024 3052 cereum

587 3119 813 3208 ardentem
851 3145 985 3204 manu
1025 3113 1269 3232 gestabant,
1298 3111 1542 3232 composito
1570 3115 1709 3233 gradu
1742 3112 1986 3204 Sacrariurn
2006 3126 2024 3161 ²

586 3265 790 3379 introire3
813 3288 860 3354 et
890 3264 944 3353 ad
974 3262 1095 3352 illum
1129 3264 1273 3351 locum
1296 3261 1373 3352 ubi
1398 3261 1639 3382 repositum
1674 3259 1817 3351 fuerat
1838 3267 2022 3384 Corpus

586 3425 687 3509 lesu
708 3415 959 3537 procedere,
988 3413 1151 3532 ibique,
1172 3442 1340 3500 summa
1364 3442 1463 3501 cum
1496 3410 1742 3502 reverentia
1763 3412 2015 3528 adorantes,

586 3565 735 3657 cistam
770 3594 856 3685 qua
887 3564 1103 3652 reclusum
1145 3582 1238 3650 erat
1271 3560 1458 3681 aperire3
1502 3558 1701 3681 factaque
1737 3560 1900 3651 ibidem
1935 3562 2018 3652 ali·

587 3716 796 3838 quantula
833 3743 972 3827 mora,
1008 3711 1326 3832 disparuerunt.
1371 3709 1455 3799 Sed
1495 3710 1599 3830 quid
1637 3709 1814 3799 interim
1850 3710 2019 3801 ibidem

586 3863 772 3985 egerint,
797 3861 875 3983 ipsi
904 3860 1036 3951 Fratri
1070 3861 1143 3981 qui
1177 3863 1268 3949 haec
1298 3859 1405 3949 vidit
1441 3858 1598 3949 mansit
1628 3858 1919 3979 incognitum.
1948 3862 2022 3951 Ad

586 4047 630 4107 se
665 4036 811 4104 autem
844 4042 1039 4101 reversus
1073 4016 1230 4122 Frater,
1259 4010 1305 4099 in
1329 4039 1486 4100 aurora
1514 4008 1737 4130 requisivit
1771 4009 2015 4123 Sacristam‚

586 4195 699 4255 anne
735 4160 782 4251 in
814 4160 887 4251 tali
921 4161 1019 4251 loco
1054 4161 1276 4281 praedictas
1311 4159 1577 4249 sacratissimi
1611 4157 1819 4279 Corporis
1852 4161 2018 4251 Christi

586 4311 844 4435 reposuisset
872 4310 1110 4431 reliquias?
1137 4311 1215 4399 lllo
1238 4309 1299 4399 ita
1322 4309 1632 4430 respondente,
1657 4340 1762 4398 mox
1786 4309 1928 4400 visum
1953 4311 2016 4400 ei·

585 4466 685 4555 dem
724 4461 912 4583 aperuit.
953 4466 1059 4569 Quo
1097 4459 1261 4575 audito,
1304 4457 1602 4549 devotissimus
1646 4463 1774 4548 Pater
1815 4458 2012 4575 Sacrista,

586 4611 828 4735 postposito
850 4609 1009 4700 timore
1032 4631 1077 4698 et
1103 4609 1254 4698 mortis
1277 4631 1322 4698 et
1349 4639 1534 4723 nauseae,
1563 4638 1669 4697 mox
1697 4639 1864 4698 secum
1893 4608 2011 4699 omni

586 4761 805 4852 alacritate
838 4760 892 4849 ad
923 4759 1226 4849 celebrandam
1254 4757 1424 4847 Missam
1450 4756 1721 4878 praeparavit,
1749 4758 1830 4848 sub
1857 4789 1946 4879 qua
1970 4780 2019 4849 et
