4740 6414
546 898 615 948 Vera
654 912 736 948 causa

473 960 571 1010 mortis
589 960 735 1010 Beatowm

474 1022 634 1087 Murtyrum.

490 2082 610 2133 *bordin
627 2081 734 2146 velsor·

469 2143 540 2193 sitan
560 2143 670 2194 bardui.

497 3571 661 3624 Notandum.

1360 644 1601 727 -106—

764 881 809 948 et
835 889 925 947 non
954 858 1097 972 aliam,
1128 887 1219 946 non
1236 858 1376 946 solum
1393 878 1608 946 testantur
1632 879 1751 946 actus
1782 878 1828 945 et
1860 878 2021 946 statuta
2048 858 2195 946 Parla-

764 1007 917 1122 menti,
942 1037 1096 1098 verum
1124 1005 1257 1096 etiam
1283 1005 1373 1126 ipse
1404 1028 1574 1095 sanctus
1600 1011 1727 1095 Pater
1756 1029 1918 1095 noster.
1957 1011 2196 1126 Postquam

763 1157 879 1246 enim
913 1156 1128 1246 sententia
1161 1154 1312 1245 mortis
1337 1156 1573 1245 subeundae
1595 1155 1642 1244 in
1667 1187 1766 1245 eum
1795 1155 1894 1245 data
1917 1153 2012 1266 fuit,
2042 1155 2197 1244 omnia

762 1307 1032 1425 interrogata
1055 1327 1100 1394 et
1125 1335 1330 1426 responsa
1346 1335 1422 1394 sua
1444 1304 1491 1393 in
1514 1304 1598 1393 hoc
1620 1304 1801 1424 negotio
1826 1304 1991 1426 scripsit
2015 1305 2197 1425 propria

763 1485 894 1545 manu
918 1454 964 1543 in
987 1454 1208 1575 pugillari;
1234 1485 1366 1575 quem
1383 1454 1639 1575 pugillarem
1662 1454 1777 1543 misit
1800 1455 1855 1543 ad
1876 1476 2042 1575 patrem
2069 1452 2197 1543 Guil-

762 1604 940 1693 lelmum
978 1603 1287 1724 jamdictum,
1326 1608 1657 1691 Procuratorem
1699 1607 1864 1692 Domus
1901 1625 2075 1716 nostrae,
2116 1602 2195 1722 qui

763 1751 869 1841 mihi
897 1752 1055 1841 misero
1077 1752 1196 1841 dedit
1221 1752 1442 1866 eumdem,
1463 1782 1593 1871 quem
1620 1775 1666 1841 et
1685 1782 1769 1872 ego
1792 1752 2072 1872 postmodum
2099 1752 2194 1840 cui-

762 1899 862 1990 dam
895 1901 1088 2022 Hispano
1118 1901 1212 1990 viro
1247 1900 1390 2021 probo
1419 1923 1465 1989 et
1497 1900 1674 2015 devoto,
1711 1900 1891 1991 nomine
1922 1907 2053 1990 Petro
2085 1905 2194 1989 Bar-

761 2048 837 2138 din
847 2047 878 2165 *,
907 2050 1071 2140 contuli
1093 2085 1100 2137 :
1130 2049 1205 2171 qui
1238 2048 1345 2138 mihi
1361 2048 1574 2170 promisit,
1594 2050 1797 2139 eumdem
1815 2050 2072 2171 pugillarem
2089 2080 2195 2138 cum

759 2201 1034 2319 portiuncula
1069 2198 1253 2289 indusii¹
1285 2197 1419 2287 sancti
1455 2199 1589 2288 Patris
1620 2199 1773 2313 nostri,
1801 2198 2075 2289 Sanctissimo
2109 2199 2193 2286 do·

760 2349 880 2438 mino
906 2355 1044 2470 Papae,
1064 2372 1139 2438 aut
1165 2348 1417 2438 Reverendo
1446 2349 1560 2438 Patri
1583 2371 1688 2439 tunc
1710 2347 1954 2469 praesidenti
1971 2347 2018 2435 in
2042 2351 2194 2436 Domo

759 2521 900 2588 vestra
923 2530 967 2587 se
992 2498 1236 2587 missurum.
1260 2503 1362 2587 Haec
1386 2497 1547 2587 idcirco
1569 2498 1715 2613 retuli,
1734 2498 1835 2619 quia
1862 2496 1994 2617 aliqui
2018 2496 2192 2584 medio-

758 2648 840 2737 cris
865 2676 1055 2736 censurae
1080 2646 1230 2735 dicunt
1255 2669 1452 2736 sanctum
1485 2653 1656 2736 Patrem
1682 2669 1882 2737 nostrum
1903 2677 2003 2735 cum
2030 2646 2190 2735 Fratri-

758 2797 837 2886 bus
863 2796 947 2885 suis
971 2795 1233 2910 conspirasse
1263 2795 1309 2884 in
1340 2818 1529 2885 mortem
1558 2795 1725 2885 domini
1754 2794 1893 2915 Regis,
1922 2818 1968 2884 et
1996 2793 2098 2883 ideo
2121 2797 2189 2885 ul-

757 2946 888 3038 tionis
910 2949 1033 3068 justae
1063 2944 1237 3033 subiisse
1268 2944 1546 3059 sententiam,
1565 2945 1685 3065 quod
1715 2945 1888 3066 penitus
1917 2941 2072 3034 falsum
2105 2967 2186 3034 est.

758 3098 806 3183 Et
830 3092 935 3212 quid
958 3124 1136 3214 egemus
1160 3095 1377 3184 testibus?
1405 3100 1494 3183 Nos
1517 3093 1611 3215 ipsi,
1633 3093 1708 3215 qui
1736 3092 1931 3209 vivimus,
1952 3093 2027 3214 qui
2052 3093 2188 3182 relin-

754 3241 945 3363 quimur,
969 3243 1209 3334 audivimus
1234 3275 1289 3332 ex
1311 3274 1388 3332 ore
1407 3243 1537 3364 ipsius
1554 3242 1720 3332 domini
1744 3244 1967 3334 Cromwel
1988 3273 2184 3358 causam3

753 3413 799 3479 et
820 3391 1023 3512 opposuit
1046 3393 1172 3482 nobis
1196 3393 1396 3482 eamdem
1415 3392 1585 3513 quoties
1608 3394 1662 3484 ad
1680 3424 1761 3484 nos
1776 3394 1912 3508 venit,
1934 3394 2013 3483 sub
2031 3395 2187 3483 eadem

755 3537 896 3629 forma
922 3563 967 3629 et
994 3571 1092 3629 cum
1118 3541 1279 3630 eisdem
1309 3542 1451 3631 verbis
1480 3576 1488 3631 :
1521 3580 1544 3626 (ι
1563 3542 1810 3659 Sinceriter,
1830 3543 2001 3664 integre
2025 3565 2072 3632 et
2095 3543 2187 3634 sine

754 3687 896 3810 aliqua
934 3687 1224 3806 simulatione,
1258 3692 1543 3816 jurejurando
1582 3693 1851 3813 abnegabitis
1880 3692 2185 3784 auctoritatem

758 3845 881 3960 Papae
919 3863 965 3929 et
1001 3841 1200 3931 omnium
1240 3842 1524 3962 superiorum
1557 3864 1803 3931 vestrorum
1829 3875 1873 3955 »3
1911 3841 2021 3932 sicut
2058 3872 2185 3963 supra

757 3988 931 4078 recitavi
948 4003 977 4080 ².
