4740 6414
1199 677 1439 732 -110-

601 863 706 984 spe),
733 862 849 949 hunc
872 860 1191 980 aquaeductum,
1213 859 1421 948 bellantes
1443 858 1489 947 in
1513 890 1608 973 nos,
1628 858 1889 950 inciderunt.
1917 862 2028 952 Abs-

603 1013 798 1101 tulerunt
822 1007 939 1097 enim
970 1039 994 1096 a
1024 1006 1149 1098 nobis
1172 1006 1304 1097 libros
1329 1038 1439 1128 quos
1463 1007 1693 1098 habuimus
1728 1009 1774 1098 in
1807 1009 1922 1100 cellis
1946 1040 2029 1098 no·

312 1191 436 1306 mque·
466 1191 574 1255 pnm.
601 1160 709 1271 stris,
733 1182 782 1250 ut
809 1190 888 1280 per
916 1159 999 1248 hoc
1026 1158 1215 1247 inermes
1238 1180 1284 1247 et
1305 1157 1412 1246 aridi
1435 1188 1460 1247 a
1483 1157 1550 1248 siti
1573 1158 1858 1249 efficeremur.
1900 1165 2030 1250 Erant

343 1293 438 1392 nan
455 1354 501 1403 vn,
518 1355 543 1402 7·
602 1334 750 1400 tamen
767 1341 858 1399 non
872 1311 1003 1428 longe
1018 1339 1043 1398 a
1061 1306 1193 1397 muris
1209 1304 1352 1395 sontes
1367 1307 1611 1422 salvatoris,
1632 1338 1688 1396 ex
1703 1306 1860 1428 quibus
1875 1306 2027 1398 furtim

602 1458 882 1549 hauriebatur
904 1457 950 1547 in
972 1456 1131 1578 gaudio
1156 1487 1268 1577 aqua
1289 1456 1481 1546 salutaris
1513 1456 1741 1577 Sapientiae
1763 1458 1951 1548 salientis
1983 1456 2029 1547 in

601 1609 735 1698 vitam
758 1631 981 1722 aeternam,
1002 1607 1069 1697 cui
1095 1637 1187 1695 non
1211 1628 1454 1726 potuerunt
1475 1605 1770 1696 contradicere
1794 1638 1874 1696 nec
1891 1607 2029 1728 ipsam

603 1760 756 1848 tollere
782 1788 933 1846 omnes
958 1755 1191 1874 adversarii
1213 1754 1362 1845 nostri.
1393 1760 1455 1870 Et,
1481 1757 1600 1875 quod
1624 1755 1918 1846 omittendum
1937 1786 2030 1844 non

604 1932 683 2022 est,
703 1906 897 2029 quamvis
927 1906 1058 2028 aliqui
1090 1929 1286 1995 nostrum
1320 1905 1379 1995 ita
1414 1936 1458 1995 se
1490 1905 1744 1995 munierunt
1770 1908 1924 2027 clypeo
1947 1907 2028 1997 do·

604 2058 767 2170 ctrinae,
788 2057 1002 2178 plerisque
1031 2079 1180 2145 tamen
1211 2055 1386 2146 illorum
1414 2056 1509 2176 plus
1537 2058 1833 2171 contulerunt,
1858 2079 1903 2145 et
1926 2087 2028 2146 acu-

605 2207 687 2297 tius
726 2237 774 2296 ac
814 2206 1007 2295 intimius
1047 2204 1464 2325 transgladiaverunt
1509 2206 1639 2295 corda
1684 2205 2028 2296 adversariorum

603 2378 854 2446 nostrorum
880 2377 1024 2445 sancta
1053 2354 1304 2444 innocentia
1326 2376 1371 2441 et
1392 2353 1650 2474 simplicitas,
1684 2355 1840 2476 quibus
1872 2353 2029 2444 armati

604 2505 814 2595 terminos
847 2536 956 2625 quos
987 2526 1227 2625 posuerunt
1270 2509 1415 2593 Patres
1447 2504 1582 2594 nostri
1616 2506 1854 2595 noluerunt
1887 2527 2028 2594 trans·

604 2654 741 2775 gredi,
760 2654 835 2743 sed
859 2676 908 2743 ut
934 2676 1079 2743 sancta
1103 2658 1242 2742 Mater
1269 2652 1447 2742 Ecclesia
1468 2684 1543 2742 eos
1562 2653 1724 2768 docuit,
1744 2654 1828 2744 hoc
1844 2653 2030 2742 firmiter

603 2835 646 2893 se
671 2827 821 2892 tenere
842 2832 1012 2922 semper
1028 2803 1314 2892 decreverunt
1338 2825 1383 2891 et
1400 2832 1477 2890 ore
1494 2801 1675 2892 confessi
1692 2826 1805 2892 sunt.

667 2957 862 3073 Insuper,
887 2973 1046 3071 praeter
1068 2951 1216 3040 omnia
1235 2951 1437 3071 praedicta
1453 2953 1580 3066 mala,
1600 2951 1855 3042 insistebant
1873 2951 2030 3043 Consi-

605 3101 713 3190 liarii
735 3101 902 3190 domini
928 3099 1067 3220 Regis,
1097 3099 1171 3220 qui
1196 3100 1458 3190 creberrime
1478 3101 1713 3190 veniebant
1737 3102 1793 3190 ad
1821 3131 1901 3190 nos
1929 3131 2029 3190 cum

606 3250 732 3340 minis
753 3273 798 3339 et
814 3248 1147 3361 adulationibus,
1166 3272 1216 3338 ut
1239 3281 1263 3337 a
1286 3249 1510 3370 proposito
1527 3248 1812 3340 deflecterent
1831 3282 1934 3364 nos;
1956 3249 2031 3370 qui

607 3397 859 3520 frequenter
881 3398 1105 3489 nobiscum
1124 3421 1213 3487 tam
1234 3398 1309 3489 diu
1330 3399 1376 3488 in
1399 3399 1604 3520 Capitulo
1623 3422 1892 3514 manserunt,
1911 3399 2034 3520 quod

347 3595 508 3646 consum
531 3595 578 3645 mr.
607 3553 902 3668 necVesperas
920 3579 1000 3637 nec
1019 3548 1251 3637 Matutinas
1267 3548 1313 3637 in
1329 3548 1504 3638 ecclesia
1521 3549 1759 3639 cantando¹
1783 3551 2034 3670 persolvere

316 3658 420 3707 rabilis.

606 3721 855 3820 poteramus
895 3720 1074 3819 propter
1118 3698 1290 3787 tardum
1332 3728 1485 3787 eorum
1527 3698 1781 3817 digressum,
1814 3729 1894 3819 per
1935 3730 2036 3818 quae

608 3846 846 3937 maximum
872 3847 1049 3937 taedium
1070 3846 1314 3936 intulerunt
1328 3847 1579 3938 Conventui
1601 3882 1609 3935 :
1631 3870 1789 3968 praeter
1811 3848 2035 3969 quotidia-

606 4028 714 4087 num
739 3998 948 4120 ejulatum
972 4020 1017 4086 et
1042 3994 1195 4086 fletum
1219 4020 1447 4117 parentum
1483 4020 1528 4086 et
1559 3996 1798 4087 amicorum
1827 3996 2040 4087 aliorum-

608 4178 694 4267 que
718 4145 1132 4266 supervenientium,
1156 4145 1231 4266 qui
1265 4145 1559 4236 moliebantur
1585 4144 1669 4236 suis
1695 4145 1934 4266 sophisticis
1964 4178 2038 4237 ar-

606 4296 824 4416 gumentis
848 4317 893 4384 et
909 4295 1254 4415 persuasionibus
1271 4325 1468 4415 separare
1486 4326 1564 4384 nos
1581 4326 1606 4385 a
1622 4296 1831 4386 charitate
1848 4295 2031 4386 Christi.

608 4450 729 4535 Tunc
760 4467 933 4564 tempus
963 4444 1232 4565 probationis
1260 4468 1306 4534 et
1335 4444 1615 4565 experientiae
1647 4445 1811 4560 aderat,
1837 4446 1893 4534 ad
1928 4445 2031 4565 quid

607 4627 827 4717 quemque
844 4627 918 4686 sua
942 4597 1135 4686 traheret
1157 4599 1370 4717 voluptas,
1391 4596 1446 4686 ad
1464 4602 1606 4686 Deum
1632 4627 1689 4686 an
1713 4597 1768 4686 ad
1791 4596 2024 4688 diabolum.

610 4745 796 4836 libertas
812 4745 991 4836 carnalis
1014 4747 1127 4868 (quae
1158 4768 1222 4836 est
1247 4775 1348 4836 vera
1371 4747 1621 4835 daemonum
1645 4768 1691 4834 et
1712 4744 1920 4836 vitiorum
1942 4775 2026 4837 ser·
