1481 1781
370 1247 404 1259 ma<
415 1251 432 1259 ιι.

434 1250 452 1261 ιν,
466 1246 486 1262 ,5,

607 486 648 508 DE
665 486 876 509 CAPTIVITATE
892 486 934 509 ET
948 486 1114 509 MARTYRIO

524 536 552 558 D.
573 535 711 557 JOANNIS
733 535 865 563 FISHERI,
888 535 1016 557 EPISCOPI
1039 535 1196 563 ROFFENSIS,

561 585 648 609 propter
661 583 765 603 secundas
777 582 863 609 nuptias
873 582 942 609 Regis
955 585 974 603 et
985 582 1157 603 constitutionem

777 621 941 643 schismaticam.

680 785 687 791 '¹
717 788 881 810 EVERENDUS
895 789 959 810 Pater
973 789 1001 810 D.
1015 789 1120 817 Joannes,
1136 788 1216 818 episco-

679 850 692 858 μ
715 832 755 855 pus
768 824 878 854 Roffensis,
888 825 940 848 dum
953 833 992 855 per
1000 826 1131 856 pastoralem
1144 833 1217 848 curam

674 882 679 890 ,
686 858 693 864 “
715 863 773 893 apud
783 870 835 885 oves
846 862 885 885 sibi
897 863 1020 885 commissas
1031 863 1136 892 residens,
1146 869 1217 886 custo-

663 899 685 926 ίὴ
715 900 772 923 diret
787 900 868 930 vigilias
880 900 950 923 noctis
960 908 1024 931 supra
1040 908 1131 931 gregem
1145 909 1216 929 suum,

526 956 539 962 ,Α
555 957 568 963 ,,
647 959 653 962 A
715 944 762 960 tum
776 937 826 960 vitae
842 938 985 960 sanctimonia
1000 944 1066 968 atque
1083 938 1216 967 austeritate,

502 982 549 998 tum
565 975 740 998 administrandis
756 975 905 1004 sacramentis,
922 981 969 998 tum
986 975 1109 998 assiduitate
1125 976 1218 998 docendi

501 1021 553 1036 voce
564 1013 627 1035 simul
639 1018 662 1035 et
673 1012 764 1043 scriptis,
780 1012 874 1043 denique
886 1012 941 1035 mira
952 1013 1098 1035 liberalitate
1092 1021 1115 1035 m
1126 1021 1217 1043 egenos,

501 1050 637 1080 benignitate
653 1050 676 1072 in
693 1050 807 1079 studiosos,
821 1050 894 1072 multis
909 1050 971 1072 annis
987 1058 1062 1073 verum
1076 1051 1155 1080 agebat
1169 1052 1218 1081 Epi-

500 1096 598 1118 scopum.
614 1088 654 1110 Hic
666 1095 719 1118 ergo
732 1087 792 1117 quasi
805 1088 865 1110 stella
877 1088 985 1110 matutina
996 1088 1020 1110 in
1036 1088 1109 1110 medio
1122 1088 1218 1117 nebulae,

383 1136 390 1145 c
423 1137 426 1145 ι
447 1133 475 1149 37<
500 1131 523 1148 et
532 1125 592 1156 quasi
601 1126 652 1148 luna
665 1126 729 1155 plena
742 1125 765 1147 in
777 1124 852 1147 diebus
861 1125 948 1153 nostris,
958 1130 980 1147 et
989 1125 1049 1155 quasi
1057 1126 1089 1148 sol
1097 1125 1218 1156 refislgens,

500 1163 529 1186 sic
541 1163 621 1185 effulsit
633 1163 656 1185 in
669 1163 752 1193 templo
764 1162 812 1191 Dei,
822 1162 987 1192 errantiumque
1000 1162 1101 1185 tenebras
1111 1170 1155 1185 suae
1167 1170 1220 1186 san-

500 1201 579 1223 ctitatis
591 1206 613 1223 et
625 1200 754 1223 eruditionis
766 1200 881 1230 splendore
890 1199 993 1222 discussit.

532 1240 614 1261 Verum
626 1238 673 1260 talis
684 1245 708 1260 ac
720 1243 793 1259 tantus
805 1237 845 1266 vir,
856 1237 892 1267 qui
904 1237 927 1259 in
939 1237 1014 1260 diebus
1026 1237 1069 1260 suis
1079 1237 1160 1268 placuit
1169 1239 1220 1261 Deo

500 1281 523 1298 et
539 1275 640 1298 inventus
655 1281 687 1297 est
699 1276 776 1306 justus,
790 1275 843 1297 dum
859 1280 951 1305 urgente
967 1275 1106 1303 conscientia,
1119 1275 1220 1305 primum
