<?xml version="1.0" encoding="UTF-8"?>
<!DOCTYPE html PUBLIC "-//W3C//DTD XHTML 1.0 Transitional//EN"
    "http://www.w3.org/TR/xhtml1/DTD/xhtml1-transitional.dtd">
<html xmlns="http://www.w3.org/1999/xhtml" xml:lang="en" lang="en">
 <head>
  <title>
</title>
<meta http-equiv="Content-Type" content="text/html;charset=utf-8" />
  <meta name='ocr-system' content='tesseract 3.04.00' />
  <meta name='ocr-capabilities' content='ocr_page ocr_carea ocr_par ocr_line ocrx_word'/>
</head>
<body>
  <div class='ocr_page' id='page_1' title='image "./historiaaliquot00chaugoog_0081.png"; bbox 0 0 4776 6390; ppageno 0'>
   <div class='ocr_carea' id='block_1_1' title="bbox 1156 1309 1768 1417">
    <p class='ocr_par' dir='ltr' id='par_1_1' title="bbox 1156 1309 1768 1417">
     <span class='ocr_line' id='line_1_1' title="bbox 1156 1309 1768 1417; baseline 0.002 -3"><span class='ocrx_word' id='word_1_1' title='bbox 1156 1309 1417 1416; x_wconf 85' lang='lat' dir='ltr'>CAPUT</span> <span class='ocrx_word' id='word_1_2' title='bbox 1465 1311 1768 1417; x_wconf 84' lang='lat' dir='ltr'>PRIMUM</span> 
     </span>
    </p>
   </div>
   <div class='ocr_carea' id='block_1_2' title="bbox 784 1689 2132 2006">
    <p class='ocr_par' dir='ltr' id='par_1_2' title="bbox 784 1689 2132 2006">
     <span class='ocr_line' id='line_1_2' title="bbox 784 1689 2132 1801; baseline 0.005 -7"><span class='ocrx_word' id='word_1_3' title='bbox 784 1692 855 1794; x_wconf 81' lang='lat' dir='ltr'>Dc</span> <span class='ocrx_word' id='word_1_4' title='bbox 884 1689 978 1793; x_wconf 80' lang='lat' dir='ltr'>vita</span> <span class='ocrx_word' id='word_1_5' title='bbox 1010 1707 1162 1793; x_wconf 84' lang='lat' dir='ltr'>sancta</span> <span class='ocrx_word' id='word_1_6' title='bbox 1192 1691 1365 1794; x_wconf 83' lang='lat' dir='ltr'>Prioris</span> <span class='ocrx_word' id='word_1_7' title='bbox 1398 1689 1712 1796; x_wconf 80' lang='lat' dir='ltr'>Londoniensis</span> <span class='ocrx_word' id='word_1_8' title='bbox 1738 1695 1784 1797; x_wconf 87' lang='lat' dir='ltr'>in</span> <span class='ocrx_word' id='word_1_9' title='bbox 1811 1697 2132 1801; x_wconf 67' lang='lat' dir='ltr'>conversatione</span> 
     </span>
     <span class='ocr_line' id='line_1_3' title="bbox 1304 1869 1605 2006; baseline -0.003 -37"><span class='ocrx_word' id='word_1_10' title='bbox 1304 1902 1383 1970; x_wconf 84' lang='lat' dir='ltr'>sua</span> <span class='ocrx_word' id='word_1_11' title='bbox 1409 1869 1605 2006; x_wconf 82' lang='lat' dir='ltr'>privata.</span> 
     </span>
    </p>
   </div>
   <div class='ocr_carea' id='block_1_3' title="bbox 1037 2499 2168 3068">
    <p class='ocr_par' dir='ltr' id='par_1_3' title="bbox 1037 2499 2168 3068">
     <span class='ocr_line' id='line_1_4' title="bbox 1038 2499 2167 2624; baseline 0.004 -37"><span class='ocrx_word' id='word_1_12' title='bbox 1038 2503 1073 2587; x_wconf 90' lang='lat' dir='ltr'>T</span> <span class='ocrx_word' id='word_1_13' title='bbox 1096 2522 1242 2589; x_wconf 87' lang='lat' dir='ltr'>autern</span> <span class='ocrx_word' id='word_1_14' title='bbox 1257 2500 1303 2590; x_wconf 90' lang='lat' dir='ltr'>in</span> <span class='ocrx_word' id='word_1_15' title='bbox 1326 2500 1405 2590; x_wconf 96' lang='lat' dir='ltr'>hac</span> <span class='ocrx_word' id='word_1_16' title='bbox 1425 2499 1701 2589; x_wconf 85' lang='lat' dir='ltr'>enarratione</span> <span class='ocrx_word' id='word_1_17' title='bbox 1717 2500 2049 2592; x_wconf 89' lang='lat' dir='ltr'>convenientius</span> <span class='ocrx_word' id='word_1_18' title='bbox 2064 2532 2167 2624; x_wconf 89' lang='lat' dir='ltr'>pro·</span> 
     </span>
     <span class='ocr_line' id='line_1_5' title="bbox 1037 2649 2168 2775; baseline 0.002 -35"><span class='ocrx_word' id='word_1_19' title='bbox 1037 2650 1160 2771; x_wconf 84' lang='lat' dir='ltr'>gredi</span> <span class='ocrx_word' id='word_1_20' title='bbox 1186 2653 1367 2767; x_wconf 85' lang='lat' dir='ltr'>valeam,</span> <span class='ocrx_word' id='word_1_21' title='bbox 1386 2652 1442 2741; x_wconf 92' lang='lat' dir='ltr'>ab</span> <span class='ocrx_word' id='word_1_22' title='bbox 1459 2650 1552 2772; x_wconf 90' lang='lat' dir='ltr'>ipso</span> <span class='ocrx_word' id='word_1_23' title='bbox 1568 2649 1815 2742; x_wconf 87' lang='lat' dir='ltr'><strong>Venerabili</strong></span> <span class='ocrx_word' id='word_1_24' title='bbox 1837 2657 1963 2742; x_wconf 88' lang='lat' dir='ltr'>Patre</span> <span class='ocrx_word' id='word_1_25' title='bbox 1979 2651 2168 2775; x_wconf 82' lang='lat' dir='ltr'>praefatae</span> 
     </span>
     <span class='ocr_line' id='line_1_6' title="bbox 1041 2799 2166 2924; baseline 0.001 -33"><span class='ocrx_word' id='word_1_26' title='bbox 1041 2805 1207 2892; x_wconf 88' lang='lat' dir='ltr'>Domus</span> <span class='ocrx_word' id='word_1_27' title='bbox 1239 2824 1398 2892; x_wconf 87' lang='lat' dir='ltr'>nostrae</span> <span class='ocrx_word' id='word_1_28' title='bbox 1427 2799 1591 2917; x_wconf 86' lang='lat' dir='ltr'>Priore,</span> <span class='ocrx_word' id='word_1_29' title='bbox 1614 2799 1912 2924; x_wconf 82' lang='lat' dir='ltr'>descriptionis</span> <span class='ocrx_word' id='word_1_30' title='bbox 1934 2802 2166 2892; x_wconf 86' lang='lat' dir='ltr'>exordium</span> 
     </span>
     <span class='ocr_line' id='line_1_7' title="bbox 1037 2951 2165 3068; baseline 0.002 -28"><span class='ocrx_word' id='word_1_31' title='bbox 1037 2981 1220 3041; x_wconf 85' lang='lat' dir='ltr'>sumam.</span> <span class='ocrx_word' id='word_1_32' title='bbox 1249 2955 1331 3041; x_wconf 89' lang='lat' dir='ltr'>lste</span> <span class='ocrx_word' id='word_1_33' title='bbox 1357 2951 1631 3041; x_wconf 85' lang='lat' dir='ltr'>Reverendus</span> <span class='ocrx_word' id='word_1_34' title='bbox 1655 2956 1801 3068; x_wconf 88' lang='lat' dir='ltr'>Pater,</span> <span class='ocrx_word' id='word_1_35' title='bbox 1822 2951 2003 3041; x_wconf 90' lang='lat' dir='ltr'>nomine</span> <span class='ocrx_word' id='word_1_36' title='bbox 2034 2958 2165 3043; x_wconf 90' lang='lat' dir='ltr'>Joan-</span> 
     </span>
    </p>
   </div>
   <div class='ocr_carea' id='block_1_4' title="bbox 478 3098 2167 4869">
    <p class='ocr_par' dir='ltr' id='par_1_4' title="bbox 742 3098 2166 3224">
     <span class='ocr_line' id='line_1_8' title="bbox 742 3098 2166 3224; baseline 0.002 -34"><span class='ocrx_word' id='word_1_37' title='bbox 742 3132 818 3191; x_wconf 90' lang='lat' dir='ltr'>nes</span> <span class='ocrx_word' id='word_1_38' title='bbox 842 3103 1101 3223; x_wconf 86' lang='lat' dir='ltr'>Houghton,</span> <span class='ocrx_word' id='word_1_39' title='bbox 1122 3100 1176 3191; x_wconf 88' lang='lat' dir='ltr'>de</span> <span class='ocrx_word' id='word_1_40' title='bbox 1202 3131 1290 3222; x_wconf 92' lang='lat' dir='ltr'>quo</span> <span class='ocrx_word' id='word_1_41' title='bbox 1312 3098 1457 3222; x_wconf 90' lang='lat' dir='ltr'>primo</span> <span class='ocrx_word' id='word_1_42' title='bbox 1482 3098 1609 3191; x_wconf 91' lang='lat' dir='ltr'>nobis</span> <span class='ocrx_word' id='word_1_43' title='bbox 1624 3131 1783 3217; x_wconf 88' lang='lat' dir='ltr'>sermo,</span> <span class='ocrx_word' id='word_1_44' title='bbox 1809 3102 1864 3192; x_wconf 95' lang='lat' dir='ltr'>ab</span> <span class='ocrx_word' id='word_1_45' title='bbox 1889 3101 2082 3193; x_wconf 85' lang='lat' dir='ltr'>honestis</span> <span class='ocrx_word' id='word_1_46' title='bbox 2099 3133 2166 3224; x_wconf 90' lang='lat' dir='ltr'>pa·</span> 
     </span>
    </p>

    <p class='ocr_par' dir='ltr' id='par_1_5' title="bbox 510 3249 2167 3520">
     <span class='ocr_line' id='line_1_9' title="bbox 510 3249 2163 3372; baseline 0.004 -37"><span class='ocrx_word' id='word_1_47' title='bbox 510 3299 545 3335; x_wconf 67' lang='lat' dir='ltr'>„a</span> <span class='ocrx_word' id='word_1_48' title='bbox 579 3298 593 3334; x_wconf 86' lang='lat'><em>1</em></span> <span class='ocrx_word' id='word_1_49' title='bbox 662 3318 668 3331; x_wconf 86' lang='lat'><strong>.</strong></span> <span class='ocrx_word' id='word_1_50' title='bbox 741 3250 937 3342; x_wconf 90' lang='lat' dir='ltr'>rentibus</span> <span class='ocrx_word' id='word_1_51' title='bbox 967 3251 1013 3341; x_wconf 96' lang='lat' dir='ltr'>in</span> <span class='ocrx_word' id='word_1_52' title='bbox 1050 3249 1260 3341; x_wconf 90' lang='lat' dir='ltr'>comitatu</span> <span class='ocrx_word' id='word_1_53' title='bbox 1294 3249 1482 3362; x_wconf 83' lang='lat' dir='ltr'>Essexiae,</span> <span class='ocrx_word' id='word_1_54' title='bbox 1512 3250 1559 3339; x_wconf 92' lang='lat' dir='ltr'>in</span> <span class='ocrx_word' id='word_1_55' title='bbox 1584 3250 1788 3371; x_wconf 78' lang='lat' dir='ltr'>praedicta</span> <span class='ocrx_word' id='word_1_56' title='bbox 1811 3251 1979 3372; x_wconf 81' lang='lat' dir='ltr'>Angliae</span> <span class='ocrx_word' id='word_1_57' title='bbox 2011 3251 2163 3372; x_wconf 85' lang='lat' dir='ltr'>patria,</span> 
     </span>
     <span class='ocr_line' id='line_1_10' title="bbox 741 3397 2167 3520; baseline 0.001 -30"><span class='ocrx_word' id='word_1_58' title='bbox 741 3424 862 3492; x_wconf 73' lang='lat' dir='ltr'>onus</span> <span class='ocrx_word' id='word_1_59' title='bbox 884 3424 992 3491; x_wconf 88' lang='lat' dir='ltr'>erat.</span> <span class='ocrx_word' id='word_1_60' title='bbox 1015 3398 1106 3510; x_wconf 93' lang='lat' dir='ltr'>Qui</span> <span class='ocrx_word' id='word_1_61' title='bbox 1132 3430 1157 3489; x_wconf 89' lang='lat' dir='ltr'>a</span> <span class='ocrx_word' id='word_1_62' title='bbox 1179 3398 1431 3520; x_wconf 90' lang='lat' dir='ltr'>parentibus</span> <span class='ocrx_word' id='word_1_63' title='bbox 1454 3397 1698 3488; x_wconf 90' lang='lat' dir='ltr'>litterarum</span> <span class='ocrx_word' id='word_1_64' title='bbox 1722 3399 1865 3488; x_wconf 91' lang='lat' dir='ltr'>studio</span> <span class='ocrx_word' id='word_1_65' title='bbox 1890 3399 2093 3517; x_wconf 89' lang='lat' dir='ltr'>traditus,</span> <span class='ocrx_word' id='word_1_66' title='bbox 2121 3400 2167 3491; x_wconf 94' lang='lat' dir='ltr'>in</span> 
     </span>
    </p>

    <p class='ocr_par' dir='ltr' id='par_1_6' title="bbox 739 3546 2166 3673">
     <span class='ocr_line' id='line_1_11' title="bbox 739 3546 2166 3673; baseline -0.001 -33"><span class='ocrx_word' id='word_1_67' title='bbox 739 3549 901 3640; x_wconf 91' lang='lat' dir='ltr'>eisdem</span> <span class='ocrx_word' id='word_1_68' title='bbox 926 3551 1036 3639; x_wconf 88' lang='lat' dir='ltr'>adeo</span> <span class='ocrx_word' id='word_1_69' title='bbox 1050 3546 1234 3671; x_wconf 84' lang='lat' dir='ltr'>profecit</span> <span class='ocrx_word' id='word_1_70' title='bbox 1259 3570 1309 3637; x_wconf 91' lang='lat' dir='ltr'>ut</span> <span class='ocrx_word' id='word_1_71' title='bbox 1329 3548 1514 3668; x_wconf 84' lang='lat' dir='ltr'>gradum</span> <span class='ocrx_word' id='word_1_72' title='bbox 1531 3548 1880 3640; x_wconf 78' lang='lat' dir='ltr'>baccalaureatus</span> <span class='ocrx_word' id='word_1_73' title='bbox 1904 3548 1951 3640; x_wconf 94' lang='lat' dir='ltr'>in</span> <span class='ocrx_word' id='word_1_74' title='bbox 1975 3571 2166 3673; x_wconf 90' lang='lat' dir='ltr'>utroque</span> 
     </span>
    </p>

    <p class='ocr_par' dir='ltr' id='par_1_7' title="bbox 739 3696 2163 3820">
     <span class='ocr_line' id='line_1_12' title="bbox 739 3696 2163 3820; baseline 0.001 -30"><span class='ocrx_word' id='word_1_75' title='bbox 739 3705 843 3790; x_wconf 85' lang='lat' dir='ltr'>Jure</span> <span class='ocrx_word' id='word_1_76' title='bbox 860 3698 991 3819; x_wconf 86' lang='lat' dir='ltr'>digne</span> <span class='ocrx_word' id='word_1_77' title='bbox 1008 3700 1188 3820; x_wconf 88' lang='lat' dir='ltr'>adeptus</span> <span class='ocrx_word' id='word_1_78' title='bbox 1204 3697 1258 3787; x_wconf 91' lang='lat' dir='ltr'>sit</span> <span class='ocrx_word' id='word_1_79' title='bbox 1272 3696 1557 3787; x_wconf 80' lang='lat' dir='ltr'>inAcademia</span> <span class='ocrx_word' id='word_1_80' title='bbox 1572 3697 1930 3820; x_wconf 88' lang='lat' dir='ltr'>Cantabrigensi:</span> <span class='ocrx_word' id='word_1_81' title='bbox 1953 3731 2043 3820; x_wconf 93' lang='lat' dir='ltr'>quo</span> <span class='ocrx_word' id='word_1_82' title='bbox 2063 3701 2163 3792; x_wconf 88' lang='lat' dir='ltr'>ade·</span> 
     </span>
    </p>

    <p class='ocr_par' dir='ltr' id='par_1_8' title="bbox 738 3844 2164 3971">
     <span class='ocr_line' id='line_1_13' title="bbox 738 3844 2164 3971; baseline 0.002 -33"><span class='ocrx_word' id='word_1_83' title='bbox 738 3871 832 3971; x_wconf 91' lang='lat' dir='ltr'>pto,</span> <span class='ocrx_word' id='word_1_84' title='bbox 858 3879 958 3938; x_wconf 88' lang='lat' dir='ltr'>eum</span> <span class='ocrx_word' id='word_1_85' title='bbox 984 3871 1183 3969; x_wconf 90' lang='lat' dir='ltr'>parentes</span> <span class='ocrx_word' id='word_1_86' title='bbox 1199 3852 1286 3971; x_wconf 89' lang='lat' dir='ltr'>jam</span> <span class='ocrx_word' id='word_1_87' title='bbox 1309 3844 1549 3968; x_wconf 85' lang='lat' dir='ltr'>pubertatis</span> <span class='ocrx_word' id='word_1_88' title='bbox 1567 3877 1705 3937; x_wconf 92' lang='lat' dir='ltr'>annos</span> <span class='ocrx_word' id='word_1_89' title='bbox 1723 3847 1980 3969; x_wconf 86' lang='lat' dir='ltr'>ingressum,</span> <span class='ocrx_word' id='word_1_90' title='bbox 2005 3881 2164 3942; x_wconf 92' lang='lat' dir='ltr'>connu-</span> 
     </span>
    </p>

    <p class='ocr_par' dir='ltr' id='par_1_9' title="bbox 739 3996 2163 4122">
     <span class='ocr_line' id='line_1_14' title="bbox 739 3996 2163 4122; baseline 0.002 -34"><span class='ocrx_word' id='word_1_91' title='bbox 739 3997 813 4088; x_wconf 94' lang='lat' dir='ltr'>bio</span> <span class='ocrx_word' id='word_1_92' title='bbox 838 4002 1024 4122; x_wconf 87' lang='lat' dir='ltr'>jungere</span> <span class='ocrx_word' id='word_1_93' title='bbox 1051 3996 1368 4118; x_wconf 86' lang='lat' dir='ltr'>disposuerunt.</span> <span class='ocrx_word' id='word_1_94' title='bbox 1397 3996 1533 4105; x_wconf 93' lang='lat' dir='ltr'>Quod</span> <span class='ocrx_word' id='word_1_95' title='bbox 1562 3996 1840 4118; x_wconf 89' lang='lat' dir='ltr'>perspiciens,</span> <span class='ocrx_word' id='word_1_96' title='bbox 1878 3999 2068 4090; x_wconf 87' lang='lat' dir='ltr'>latenter</span> <span class='ocrx_word' id='word_1_97' title='bbox 2090 4032 2163 4122; x_wconf 89' lang='lat' dir='ltr'>pa·</span> 
     </span>
    </p>

    <p class='ocr_par' dir='ltr' id='par_1_10' title="bbox 738 4145 2164 4273">
     <span class='ocr_line' id='line_1_15' title="bbox 738 4145 2164 4273; baseline 0.002 -35"><span class='ocrx_word' id='word_1_98' title='bbox 738 4171 884 4239; x_wconf 89' lang='lat' dir='ltr'>rentes</span> <span class='ocrx_word' id='word_1_99' title='bbox 912 4147 1157 4264; x_wconf 83' lang='lat' dir='ltr'>declinavit,</span> <span class='ocrx_word' id='word_1_100' title='bbox 1186 4146 1288 4268; x_wconf 90' lang='lat' dir='ltr'>quia</span> <span class='ocrx_word' id='word_1_101' title='bbox 1313 4145 1541 4267; x_wconf 90' lang='lat' dir='ltr'>dispositus</span> <span class='ocrx_word' id='word_1_102' title='bbox 1580 4148 1634 4238; x_wconf 89' lang='lat' dir='ltr'>ab</span> <span class='ocrx_word' id='word_1_103' title='bbox 1665 4146 1726 4237; x_wconf 90' lang='lat' dir='ltr'>eis</span> <span class='ocrx_word' id='word_1_104' title='bbox 1762 4171 1896 4239; x_wconf 89' lang='lat' dir='ltr'>status</span> <span class='ocrx_word' id='word_1_105' title='bbox 1926 4150 2164 4273; x_wconf 88' lang='lat' dir='ltr'>conjugalis</span> 
     </span>
    </p>

    <p class='ocr_par' dir='ltr' id='par_1_11' title="bbox 738 4294 2162 4419">
     <span class='ocr_line' id='line_1_16' title="bbox 738 4294 2162 4419; baseline 0.002 -31"><span class='ocrx_word' id='word_1_106' title='bbox 738 4297 882 4388; x_wconf 88' lang='lat' dir='ltr'>minus</span> <span class='ocrx_word' id='word_1_107' title='bbox 904 4296 983 4389; x_wconf 92' lang='lat' dir='ltr'>sibi</span> <span class='ocrx_word' id='word_1_108' title='bbox 1009 4296 1188 4419; x_wconf 90' lang='lat' dir='ltr'>placuit;</span> <span class='ocrx_word' id='word_1_109' title='bbox 1208 4294 1362 4386; x_wconf 92' lang='lat' dir='ltr'>divinis</span> <span class='ocrx_word' id='word_1_110' title='bbox 1386 4294 1504 4385; x_wconf 90' lang='lat' dir='ltr'>enim</span> <span class='ocrx_word' id='word_1_111' title='bbox 1527 4327 1616 4386; x_wconf 88' lang='lat' dir='ltr'>sese</span> <span class='ocrx_word' id='word_1_112' title='bbox 1634 4297 1793 4387; x_wconf 89' lang='lat' dir='ltr'>dedere</span> <span class='ocrx_word' id='word_1_113' title='bbox 1811 4321 2022 4389; x_wconf 85' lang='lat' dir='ltr'>statuerat</span> <span class='ocrx_word' id='word_1_114' title='bbox 2038 4301 2162 4391; x_wconf 86' lang='lat' dir='ltr'>obse-</span> 
     </span>
    </p>

    <p class='ocr_par' dir='ltr' id='par_1_12' title="bbox 739 4444 2163 4719">
     <span class='ocr_line' id='line_1_17' title="bbox 739 4444 2163 4572; baseline 0.001 -34"><span class='ocrx_word' id='word_1_115' title='bbox 739 4446 863 4572; x_wconf 92' lang='lat' dir='ltr'>quiis.</span> <span class='ocrx_word' id='word_1_116' title='bbox 891 4449 1016 4539; x_wconf 90' lang='lat' dir='ltr'>Clam</span> <span class='ocrx_word' id='word_1_117' title='bbox 1045 4447 1180 4568; x_wconf 86' lang='lat' dir='ltr'>igitur</span> <span class='ocrx_word' id='word_1_118' title='bbox 1204 4444 1388 4567; x_wconf 83' lang='lat' dir='ltr'>fugiens,</span> <span class='ocrx_word' id='word_1_119' title='bbox 1431 4445 1628 4537; x_wconf 88' lang='lat' dir='ltr'>latitabat</span> <span class='ocrx_word' id='word_1_120' title='bbox 1654 4478 1752 4538; x_wconf 90' lang='lat' dir='ltr'>curn</span> <span class='ocrx_word' id='word_1_121' title='bbox 1785 4450 1976 4569; x_wconf 92' lang='lat' dir='ltr'>quodam</span> <span class='ocrx_word' id='word_1_122' title='bbox 2002 4450 2163 4541; x_wconf 85' lang='lat' dir='ltr'>devoto</span> 
     </span>
     <span class='ocr_line' id='line_1_18' title="bbox 743 4597 2163 4719; baseline 0.003 -32"><span class='ocrx_word' id='word_1_123' title='bbox 743 4598 1016 4719; x_wconf 80' lang='lat' dir='ltr'>Presbytero,</span> <span class='ocrx_word' id='word_1_124' title='bbox 1041 4598 1322 4718; x_wconf 88' lang='lat' dir='ltr'>quoadusque</span> <span class='ocrx_word' id='word_1_125' title='bbox 1340 4625 1479 4685; x_wconf 88' lang='lat' dir='ltr'>sacros</span> <span class='ocrx_word' id='word_1_126' title='bbox 1497 4597 1688 4687; x_wconf 89' lang='lat' dir='ltr'>Ordines</span> <span class='ocrx_word' id='word_1_127' title='bbox 1705 4599 1863 4719; x_wconf 84' lang='lat' dir='ltr'>gradus</span> <span class='ocrx_word' id='word_1_128' title='bbox 1891 4599 2163 4691; x_wconf 90' lang='lat' dir='ltr'>sacerdotalis</span> 
     </span>
    </p>

    <p class='ocr_par' dir='ltr' id='par_1_13' title="bbox 478 4745 2163 4869">
     <span class='ocr_line' id='line_1_19' title="bbox 478 4745 2163 4869; baseline 0.008 -41"><span class='ocrx_word' id='word_1_129' title='bbox 478 4779 559 4832; x_wconf 63' lang='lat' dir='ltr'>nano</span> <span class='ocrx_word' id='word_1_130' title='bbox 578 4779 668 4832; x_wconf 77' lang='lat'><em>1511·</em></span> <span class='ocrx_word' id='word_1_131' title='bbox 738 4747 968 4837; x_wconf 86' lang='lat' dir='ltr'>ascendere</span> <span class='ocrx_word' id='word_1_132' title='bbox 984 4746 1215 4868; x_wconf 90' lang='lat' dir='ltr'>potuisset;</span> <span class='ocrx_word' id='word_1_133' title='bbox 1235 4745 1391 4866; x_wconf 91' lang='lat' dir='ltr'>quibus</span> <span class='ocrx_word' id='word_1_134' title='bbox 1414 4747 1654 4868; x_wconf 91' lang='lat' dir='ltr'>assumptis,</span> <span class='ocrx_word' id='word_1_135' title='bbox 1680 4746 1734 4837; x_wconf 95' lang='lat' dir='ltr'>ad</span> <span class='ocrx_word' id='word_1_136' title='bbox 1752 4770 1954 4869; x_wconf 88' lang='lat' dir='ltr'>parentes</span> <span class='ocrx_word' id='word_1_137' title='bbox 1972 4749 2103 4840; x_wconf 90' lang='lat' dir='ltr'>rediit</span> <span class='ocrx_word' id='word_1_138' title='bbox 2119 4775 2163 4843; x_wconf 90' lang='lat' dir='ltr'>et</span> 
     </span>
    </p>
   </div>
   <div class='ocr_carea' id='block_1_5' title="bbox 0 0 2392 6390">
    <p class='ocr_par' dir='ltr' id='par_1_14' title="bbox 0 0 2392 6390">
     <span class='ocr_line' id='line_1_20' title="bbox 0 0 2392 6390; baseline 0 4"><span class='ocrx_word' id='word_1_139' title='bbox 0 0 2392 6390; x_wconf 95' lang='lat' dir='ltr'> </span> 
     </span>
    </p>
   </div>
  </div>
 </body>
</html>
