4740 6414
1128 544 1339 627 -2g..

523 777 789 844 manserunt.
823 755 1049 875 Rogabant
1072 778 1219 845 autem
1248 755 1465 877 Principes
1485 778 1531 845 et
1553 757 1770 847 adstantes
1798 784 1950 845 omnes

522 927 850 1025 perseveranter
871 905 985 994 bene
1015 905 1175 1022 vivere,
1202 907 1307 1027 Regi
1330 905 1517 998 fideliter
1537 904 1714 1023 servire,
1739 905 1950 997 eidemin

522 1055 740 1170 omnibus,
766 1078 924 1176 praeter
949 1087 1000 1146 ea
1025 1088 1121 1176 quae
1143 1079 1296 1147 contra
1325 1060 1596 1148 voluntatem
1632 1056 1710 1148 Dei
1738 1081 1785 1148 et
1810 1057 1945 1147 Eccle-

522 1203 592 1293 siae
616 1228 731 1318 sunt,
752 1206 946 1296 obedire.

587 1357 943 1446 Protestabantur
970 1387 1146 1476 quoque
1173 1387 1398 1476 nunquam
1429 1388 1473 1446 se
1504 1355 1631 1447 fuisse
1660 1356 1764 1477 Regi
1790 1356 1942 1446 inobe-

521 1504 702 1621 dientes,
724 1506 803 1595 nisi
826 1507 871 1595 in
889 1506 1018 1595 rebus
1036 1537 1132 1625 quae
1148 1507 1452 1626 repugnabant
1474 1530 1623 1597 sancto
1649 1504 1880 1626 Evangelio
1905 1529 1946 1593 et

522 1654 710 1745 Ecclesiae
743 1656 1003 1771 Catholicae;
1039 1678 1170 1776 atque
1204 1656 1303 1746 ideo
1335 1656 1528 1777 recipere
1559 1688 1603 1746 se
1636 1678 1826 1745 mortem
1857 1686 1945 1744 non

520 1807 659 1895 solum
692 1807 908 1927 patienter
941 1807 1092 1896 sedet
1132 1807 1413 1927 perlibenter.
1449 1808 1681 1897 Addebant
1714 1828 1939 1927 praeterea,

520 1978 802 2074 agnoscentes
820 1986 1022 2076 magnam
1040 1961 1169 2045 aDeo
1185 1988 1275 2045 sese
1290 1979 1503 2046 assecutos
1516 1956 1719 2076 gratiam,
1731 1956 1851 2077 quod
1868 1986 1945 2076 pro

519 2105 700 2195 veritate
730 2107 790 2196 eis
819 2107 1003 2197 dedisset
1035 2106 1164 2220 mori,
1198 2129 1242 2195 et
1273 2137 1354 2227 pro
1392 2107 1627 2196 assertione
1653 2109 1782 2230 hujus
1812 2111 1942 2196 Evan-

516 2255 663 2374 gelicae
692 2279 737 2345 et
772 2257 1009 2347 Catholicae
1038 2257 1261 2372 doctrinae,
1295 2256 1509 2370 videlicet,
1549 2258 1706 2377 Regem
1747 2289 1827 2344 non
1863 2289 1944 2343 esse

516 2435 753 2526 supremum
804 2406 845 2493 in
892 2404 1186 2529 spiritualibus
1228 2406 1451 2529 primatem
1497 2428 1701 2529 caputque
1747 2406 1944 2496 Ecclesioe

517 2554 788 2675 Anglicanae.

579 3003 790 3087 Ceterum
824 2995 899 3116 qui
936 2999 1027 3087 haec
1058 2996 1257 3114 vidimus,
1289 3021 1363 3087 aut
1391 2998 1573 3118 legimus
1608 2998 1695 3087 sive
1730 2997 1943 3112 audimus,

515 3147 673 3268 gratias
704 3179 881 3267 agamus
913 3152 1007 3236 Deo
1045 3147 1119 3267 qui
1152 3148 1303 3269 spiritu
1339 3149 1481 3239 induit
1515 3146 1783 3238 fortitudinis
1814 3170 1944 3268 atque

515 3300 607 3386 zelo
632 3297 849 3388 charitatis
876 3299 1036 3388 multos
1063 3298 1141 3388 sibi
1169 3298 1343 3412 amicos,
1370 3299 1445 3419 qui
1473 3299 1519 3387 in
1542 3298 1700 3418 Anglia
1726 3328 1809 3418 pro
1834 3296 1944 3388 veri-

515 3446 614 3538 tatis
655 3447 908 3537 testimonio
946 3449 1201 3567 sanguinem
1243 3479 1369 3538 suum
1409 3447 1639 3538 fuderunt.
1685 3447 1944 3566 Cuiusmodi

515 3621 616 3689 sunt
655 3598 882 3719 Episcopus
923 3596 1146 3713 Roffensis,
1189 3598 1377 3688 Thomas
1423 3604 1585 3714 Morus,
1630 3600 1942 3713 Cartusienses,

515 3748 729 3868 multique
768 3747 953 3837 aliorum
990 3748 1227 3861 Ordinum,
1263 3770 1509 3838 constantes
1540 3780 1712 3863 omnes3
1754 3781 1944 3870 quorum

513 3897 653 4019 capita
680 3899 930 3988 membrave
957 3921 1055 4018 post
1081 3921 1270 3987 mortem
1298 3897 1513 4019 stipitibus
1539 3899 1681 4013 affixa,
1708 3899 1945 4020 praedicant

514 4047 640 4140 nobis
681 4079 812 4168 quam
850 4048 983 4136 fidem
1021 4079 1206 4168 quamve
1243 4047 1499 4138 charitatem
1539 4049 1594 4138 ad
1634 4048 1863 4139 Christum
1901 4070 1946 4137 et

514 4197 737 4290 Ecclesiam
755 4198 989 4288 debeamus
1006 4199 1167 4288 habere
1188 4229 1325 4318 usque
1348 4197 1393 4288 in
1418 4221 1628 4313 mortem;
1657 4201 1831 4319 hocque
1855 4231 1881 4290 a
1901 4230 1944 4289 se

224 4373 486 4500 rguggggiggsto·
513 4347 675 4439 factum
706 4380 786 4438 suo
816 4347 942 4438 nobis
981 4350 1185 4469 exemplo
1216 4370 1581 4438 commonstrant.
1619 4348 1789 4438 Cecidit
1825 4349 1941 4440 enim

513 4499 592 4590 illis
623 4500 669 4589 in
701 4499 885 4619 gloriam
916 4501 1058 4589 multo
1087 4504 1299 4622 majorem
1330 4497 1387 4588 sic
1419 4497 1621 4619 patibulis
1652 4520 1698 4587 et
1726 4497 1939 4620 stipitibus

513 4682 602 4741 esse
628 4650 792 4765 affixos,
818 4681 949 4770 quam
973 4681 1073 4741 cum
1097 4680 1205 4739 auro
1228 4648 1498 4769 gemmisque
1523 4649 1725 4769 sepultos.
1751 4650 1824 4740 Ab
1846 4681 1935 4739 om·
