4740 6414
890 509 1105 616 ..34-

287 750 443 815 somno
484 720 798 813 Patemitatem
839 746 1028 815 vestram
1070 722 1304 816 certiorem
1343 724 1529 816 reddere
1569 755 1721 849 opere

287 872 480 994 pretium
515 870 772 964 existimavi.
807 877 919 965 Nam
952 903 1009 965 ex
1040 904 1131 999 quo
1161 874 1296 967 altare
1327 871 1436 966 illud
1462 872 1724 997 sacrilegum

23 1045 260 1113 111·Rea·¹11‚³2·
287 1047 484 1116 erectum
517 1044 582 1113 est
611 1021 659 1113 in
696 1022 864 1138 Bethel,
902 1047 954 1116 ut
990 1026 1107 1117 ultra
1143 1055 1237 1116 non
1270 1025 1601 1117 ascenderemus
1648 1030 1724 1117 Je-

287 1175 476 1267 rusalem
513 1202 569 1261 ne
601 1193 960 1262 converteremur
994 1173 1050 1264 ad
1077 1172 1337 1291 Dominum,
1377 1175 1521 1266 nullus
1555 1204 1609 1266 ex
1645 1205 1724 1269 co·

288 1324 497 1447 gnatione
531 1344 680 1413 nostra
708 1322 764 1414 de
792 1351 948 1413 eorum
979 1321 1104 1413 obitu
1135 1323 1258 1415 vobis
1283 1324 1521 1448 quidquam
1553 1323 1724 1448 signifi-

288 1475 419 1588 cavit3
455 1471 617 1594 quippe
653 1470 728 1592 qui
759 1501 839 1562 nec
871 1471 960 1562 ausi
995 1470 1175 1589 suimus,
1210 1496 1256 1563 et
1291 1474 1417 1565 nobis
1447 1474 1726 1566 insidiatores

288 1627 499 1746 undique,
525 1654 582 1712 ne
610 1623 714 1743 quid
742 1624 827 1710 tale
857 1619 1111 1736 faceremus,
1142 1647 1267 1713 erant
1290 1623 1434 1745 positi.
1463 1631 1589 1715 Nunc
1614 1655 1727 1715 vero

288 1778 497 1903 quoniam
522 1774 682 1895 eripuit
705 1804 775 1862 me
800 1777 915 1861 Deus
942 1772 995 1861 de
1020 1774 1176 1892 laqueo
1199 1774 1469 1890 venantium,
1490 1799 1534 1865 et
1556 1774 1726 1866 consti·

288 1928 374 2019 tuit
399 1956 528 2048 super
557 1925 770 2014 excelsam
795 1944 957 2011 terram
986 1945 1203 2012 semotum
1235 1954 1260 2012 a
1288 1923 1449 2013 timore
1480 1947 1722 2040 nocturn0,

289 2075 575 2169 necessarium
607 2076 711 2163 duxi
746 2072 800 2161 de
836 2071 902 2160 his
938 2072 1142 2162 omnibus
1183 2106 1280 2194 quae
1314 2074 1563 2165 acciderunt
1592 2074 1727 2165 nobis

289 2225 489 2319 nonnihil
517 2230 564 2313 R.
590 2229 635 2312 P.
659 2228 710 2312 V.
733 2221 989 2342 significare.
1019 2228 1181 2312 Verum
1207 2222 1326 2344 prius
1353 2223 1548 2313 imitator
1580 2222 1727 2315 factus

288 2377 478 2468 filiorum
508 2373 651 2485 lsrael,
678 2370 834 2491 quibus
858 2373 1094 2461 Jordanem
1120 2372 1335 2493 ingressis,
1356 2373 1401 2463 in
1428 2396 1590 2464 terram
1612 2379 1726 2463 Pro·

289 2524 500 2617 missionis
535 2519 813 2644 perfecturis,
840 2521 976 2610 visum
1008 2518 1091 2610 suit
1116 2544 1166 2610 ut
1191 2522 1439 2612 durissimos
1472 2523 1635 2643 lapides
1666 2525 1727 2613 de

289 2674 436 2765 medio
468 2671 665 2762 Jordanis
696 2673 820 2760 alveo
851 2672 1072 2786 tollerent,
1097 2693 1141 2760 et
1166 2671 1261 2760 illos
1288 2672 1333 2762 in
1358 2674 1456 2763 loco
1477 2695 1728 2763 castrorum

288 2845 508 2948 ponerent
544 2845 595 2911 ut
631 2843 774 2910 essent
813 2819 860 2909 in
900 2844 1238 2911 monumentum
1273 2821 1465 2911 filiorum
1503 2823 1635 2912 lsrael
1674 2823 1727 2915 in

288 2998 502 3066 aeternum
550 3000 629 3092 per
674 2972 801 3091 quale
856 2970 940 3059 iter
988 2970 1188 3060 eduxerit
1233 3002 1307 3060 eos
1350 2970 1579 3087 Dominus,
1622 3003 1726 3064 arca

287 3123 465 3216 interim
508 3119 775 3211 Testamenti
822 3121 1077 3242 persistente
1126 3121 1171 3210 in
1217 3121 1363 3211 medio
1409 3118 1529 3212 fluvii
1576 3122 1724 3214 donec

287 3275 438 3367 omnia
460 3276 787 3394 complerentur
820 3303 916 3391 quae
942 3271 1146 3392 praecepit
1180 3271 1393 3361 Dominus
1420 3277 1551 3363 losue
1588 3271 1718 3363 fieri:

288 3426 423 3517 itaet
453 3456 538 3544 ego
568 3478 629 3489 -
661 3445 708 3511 ut
740 3421 908 3542 plenius
937 3419 1181 3511 innotescat
1219 3422 1366 3541 quales
1396 3418 1577 3513 ficerunt
1609 3453 1723 3543 quos

288 3574 422 3696 elegit
455 3574 668 3664 Dominus
700 3572 746 3661 in
779 3570 1078 3660 haereditatem
1112 3570 1207 3685 sibi,
1241 3601 1321 3692 per
1351 3573 1572 3692 sequelam
1603 3572 1721 3694 Agni

107 3791 114 3805 .
148 3769 184 3817 u.
290 3723 506 3815 benedicti
532 3753 810 3843 quocumque
834 3720 933 3810 ierit
964 3720 1050 3810 sive
1076 3721 1122 3811 in
1155 3722 1289 3811 vitam
1320 3720 1407 3811 sive
1437 3721 1484 3809 in
1508 3745 1717 3839 mortem,

288 3896 596 3993 -antequam
619 3872 854 3962 Jordanem
873 3893 1071 3960 nostrum
1094 3872 1324 3986 transier0‚
1346 3869 1467 3962 inde*
1484 3872 1720 3964 educturus

290 4022 528 4146 cophinum
560 4052 708 4112 meum
738 4022 917 4142 plenum
949 4019 1189 4111 morticinis
1222 4026 1456 4111 Servorum
1494 4021 1593 4138 Dei,
1627 4053 1718 4113 non

290 4171 644 4266 inconvenientia
672 4171 944 4286 interseram,
977 4171 1052 4260 sed
1083 4169 1332 4262 durissimos
1355 4171 1517 4293 lapides
1543 4195 1718 4263 torren-

291 4321 344 4412 tis
387 4320 526 4412 nostri
557 4323 736 4436 tollens,
781 4351 873 4410 non
906 4320 1090 4410 docendi
1128 4319 1276 4410 animo
1313 4322 1388 4411 sed
1420 4320 1568 4442 potius
1607 4319 1717 4412 reso

290 4470 460 4563 cillandi
504 4470 703 4593 spiritum
741 4469 895 4591 gratia,
931 4470 1138 4590 ponendo
1185 4469 1272 4560 sive
1319 4469 1532 4590 erigendo
1572 4472 1715 4562 sedem

290 4643 446 4712 sanctae
469 4620 732 4742 pausationis
755 4621 869 4710 lassis
893 4644 940 4711 et
962 4618 1188 4710 attaediatis
1210 4651 1267 4710 ex
1290 4620 1566 4742 longitudine
1590 4621 1706 4713 itine-
