4776 6390
792 677 1008 784 -f,7...

247 892 343 978 Erat
368 887 427 978 ibi
451 918 527 978 cor
543 919 682 978 unum
705 910 750 977 et
774 888 919 977 anima
941 920 1043 1003 una,
1064 888 1173 978 sicut
1196 889 1457 983 reverendus
1487 894 1616 977 Pater
1672 915 1734 964 aa.
1750 912 1839 978 me·

182 1038 355 1128 volebat
387 1036 434 1126 in
467 1037 685 1153 omnibus,
713 1037 773 1127 ita
798 1059 848 1127 ut
878 1069 989 1159 saepe
1018 1044 1145 1127 Pater
1170 1037 1333 1127 diceret
1364 1073 1373 1126 :
1411 1045 1612 1129 «Onere

184 1187 301 1308 gravi
326 1186 566 1307 aggravatis
594 1218 680 1301 me,
704 1190 883 1301 Fratres,
912 1188 1232 1278 consentientes
1260 1187 1367 1277 mihi
1393 1187 1441 1277 in
1467 1186 1611 1279 omni·

184 1337 283 1453 bus3
309 1368 402 1426 non
424 1337 533 1427 sicut
557 1368 642 1457 ego
667 1337 783 1451 volo,
804 1338 878 1426 sed
903 1336 1012 1427 sicut
1041 1369 1116 1428 vos
1135 1337 1262 1428 vultis
1286 1337 1376 1428 fiat.
1399 1373 1422 1422 n
1447 1335 1612 1428 Omnia

184 1509 310 1579 erant
330 1487 390 1577 eis
408 1486 681 1602 communia;
702 1517 851 1575 meum
875 1509 921 1576 et
944 1509 1070 1576 tuum
1087 1488 1471 1576 excludebantura
1495 1488 1610 1576 clauss

183 1657 289 1749 stro,
324 1635 386 1724 ita
416 1657 467 1725 ut
498 1634 606 1725 nihil
640 1635 868 1757 proprium
900 1636 1137 1725 haberetur
1170 1636 1256 1726 sive
1293 1636 1339 1725 in
1374 1635 1492 1727 libris
1523 1636 1612 1727 sive

182 1784 401 1906 quibusvis
439 1785 567 1874 rebus
604 1785 714 1899 aliis,
748 1787 822 1875 sed
859 1786 914 1875 ad
953 1787 1225 1876 voluntatem
1267 1808 1312 1874 et
1349 1786 1609 1907 petitionem

181 1934 382 2024 omnium
426 1933 725 2024 indifferenter
764 1935 1069 2025 retinebantur
1106 1967 1391 2056 quaecumque
1429 1935 1525 2057 quis
1565 1935 1612 2028 in

182 2085 289 2174 cella
325 2083 528 2173 habebat.
566 2083 803 2175 Curiositas
832 2115 1108 2206 summopere
1142 2085 1202 2175 ibi
1229 2085 1516 2201 devitabitur,
1546 2086 1610 2177 vi-

184 2235 294 2350 litas,
321 2232 502 2356 parcitas
527 2257 572 2324 et
589 2256 818 2356 paupertas
839 2233 992 2324 intime
1019 2234 1325 2354 diligebantur.
1353 2237 1487 2344 Quod
1508 2267 1611 2326 sane

183 2386 397 2508 praeclarae
420 2406 465 2473 et
487 2383 664 2504 insignis
697 2383 866 2474 virtutis
899 2414 947 2473 ac
979 2384 1128 2504 gratia
1153 2407 1261 2499 erat,
1287 2416 1389 2474 nam
1414 2386 1610 2507 plerique

182 2565 334 2624 omnes
373 2534 420 2623 in
452 2533 526 2623 illo
562 2540 813 2649 Conventu,
849 2556 938 2623 tam
975 2534 1176 2625 Monachi
1216 2566 1346 2654 quam
1379 2534 1606 2651 Conversi,

184 2714 449 2805 magnarum>
469 2715 604 2805 opum
630 2714 679 2773 ac
700 2706 975 2773 terrenarum
997 2684 1313 2804 possessionum
1331 2683 1497 2774 domini
1514 2682 1609 2775 fue·

184 2856 298 2949 rant,
319 2855 395 2923 aut
423 2837 520 2954 jure
552 2832 827 2922 haereditario
857 2832 917 2922 eis
943 2833 1217 2923 debebantur
1238 2835 1395 2950 multa3
1426 2836 1501 2924 sed
1527 2835 1609 2926 hu·

184 2981 371 3107 jusmodi
399 2981 594 3072 arbitrati
624 3004 726 3071 sunt
753 3003 804 3071 ut
833 3005 1023 3071 stercora
1051 3005 1101 3072 ut
1132 2983 1357 3074 Christum
1386 2981 1609 3075 lucriface-
1669 3017 1875 3085 casinatis

183 3153 298 3247 rent,
339 3161 576 3252 pauperem
615 3131 749 3220 vitam
787 3154 1003 3251 gerentes.
1054 3132 1410 3223 «Necessarium
1444 3171 1467 3218 n
1519 3165 1611 3225 non

184 3280 337 3372 habuit
358 3312 511 3370 vocem
535 3312 615 3370 nec
638 3282 782 3371 locum
808 3279 854 3372 in
881 3280 1080 3370 Paradiso
1106 3280 1186 3371 Dei
1213 3282 1314 3398 mei,
1334 3283 1436 3403 quia
1462 3284 1611 3375 turbat

183 3461 333 3552 pacem
356 3452 401 3518 et
423 3428 682 3519 seditionem
709 3427 809 3521 facit
835 3429 881 3518 in
907 3431 1028 3520 omni
1055 3433 1153 3522 loco
1179 3463 1269 3552 quo
1300 3431 1483 3522 venerit.
1521 3433 1610 3523 Sub

183 3580 339 3671 umbra
375 3577 494 3668 enim
533 3578 793 3669 necessitatis
826 3580 1074 3672 sensualitas
1106 3603 1152 3671 et
1182 3581 1358 3702 propria
1392 3584 1606 3698 voluntas,

183 3730 304 3851 quasi
352 3730 423 3818 leo
467 3731 514 3818 in
560 3732 763 3851 spelunca
802 3761 899 3845 sua,
943 3731 990 3821 in
1029 3731 1322 3853 perditionem
1366 3731 1610 3822 animarum

182 3879 478 4001 requiescunt3
509 3880 563 3970 ad
590 3910 696 4000 quas
727 3879 1022 4002 exstirpandas
1044 3880 1185 4002 ipsum
1210 3879 1498 3971 necessarium
1515 3903 1609 3972 tru-

181 4028 367 4118 debatur
405 4028 485 4118 sub
523 4026 618 4117 dira
656 4026 850 4117 custodia
890 4027 1024 4117 Patris
1067 4027 1240 4145 Prioris,
1277 4051 1329 4119 ut
1374 4030 1494 4150 quod
1539 4030 1610 4121 ille

183 4176 470 4268 necessarium
497 4176 675 4293 diceret,
705 4177 789 4266 hoc
821 4178 1098 4268 solummodo
1125 4178 1381 4296 haberetur3
1412 4181 1502 4270 sola
1531 4210 1609 4270 ne-

183 4324 352 4415 cessitas
385 4325 560 4446 vigebat
590 4327 707 4417 inter
737 4358 825 4418 eos.
863 4333 1052 4418 Tantum
1078 4328 1264 4450 duplicia
1295 4329 1349 4418 de
1382 4329 1525 4450 aliqua
1562 4357 1610 4419 re

179 4473 419 4566 necessaria
441 4476 648 4598 (exceptis
672 4477 805 4598 libris)
831 4479 1066 4594 habebant,
1091 4501 1197 4600 puta
1226 4513 1235 4568 :
1264 4477 1482 4595 habitum,
1509 4479 1609 4568 cali·

181 4655 272 4746 gas,
293 4624 474 4742 tunicas,
494 4625 628 4717 cilicia
651 4648 694 4716 et
721 4626 983 4751 hujusmodi.
1015 4632 1117 4717 Non
1140 4650 1266 4717 erant
1283 4649 1504 4749 potatores
1530 4659 1611 4719 nec
1661 4660 1684 4711 1.
1697 4658 1896 4725 ronanus.

181 4774 323 4865 multo
352 4774 457 4866 vino
486 4774 635 4865 dediti.
669 4775 902 4865 Habebant
923 4806 978 4865 ex
1002 4775 1156 4867 ordine
1179 4776 1330 4869 vinum
1355 4777 1417 4869 bis
1433 4799 1609 4869 tantum
