4776 6390
1365 683 1580 763 ..72..

758 898 860 958 nem
886 868 1062 989 Joseph,
1091 867 1166 957 sed
1197 898 1278 958 nec
1310 868 1397 957 ulla
1425 898 1528 957 cura
1555 869 1780 989 quomodo
1809 874 1903 959 Deo
1935 869 2183 960 serviatur:

758 1017 892 1107 modo
910 1017 1015 1106 tales
1030 1016 1267 1106 inordinati
1286 1016 1487 1138 Religiosi
1503 1019 1791 1134 comedendo,
1810 1017 2004 1111 bibendo
2022 1041 2068 1110 et
2087 1019 2189 1108 dor·

498 1192 599 1245 am.
615 1206 662 1255 ιιι,
677 1205 702 1258 9·
759 1167 952 1280 miendo,
983 1198 1062 1256 suo
1089 1165 1232 1256 ventri
1266 1166 1468 1257 serviant.
1504 1167 1606 1258 Avis
1637 1168 1823 1258 discolor
1857 1199 1950 1258 non
1983 1167 2191 1258 sortietur

758 1316 1056 1407 haereditatem
1090 1315 1287 1431 Domini;
1328 1316 1373 1405 in
1408 1316 1488 1406 Dei
1523 1316 1730 1408 sacrificio
1763 1318 1843 1409 sub
1878 1317 2027 1407 Veteri
2061 1323 2186 1438 Lege,

758 1465 1097 1555 ministrantium
1127 1488 1264 1556 vestes
1294 1497 1386 1556 non
1416 1468 1680 1558 texebantur
1709 1467 1789 1557 filis
1814 1465 2085 1557 diversorum
2115 1497 2187 1557 co·

756 1618 916 1706 lorum.
948 1615 1168 1705 Psalmista
1203 1615 1381 1737 insuper
1412 1617 1510 1707 ait:
1550 1623 1666 1709 Deus
1698 1617 1746 1708 in
1776 1619 1874 1707 loco
1908 1639 2058 1707 sancto
2089 1647 2183 1732 suo,

496 1798 543 1857 n.
559 1811 683 1860 mua-
759 1771 875 1855 Deus
911 1765 982 1886 qui
1016 1765 1259 1855 inhabitare
1294 1763 1395 1856 lacit
1428 1767 1556 1857 unius
1592 1766 1724 1858 moris
1755 1767 1802 1857 in
1834 1767 1981 1857 domo.
2023 1765 2186 1856 Idcirco

761 1912 952 2005 Praelecti
974 1938 1019 2004 et
1044 1914 1264 2036 Praepositi
1290 1915 1401 2005 illius
1427 1921 1593 2007 Domus
1616 1940 1790 2030 nostrae,
1816 1915 2049 2036 diligenter
2074 1914 2186 2005 invi·

754 2066 948 2188 gilabant
978 2088 1028 2155 ut
1061 2096 1174 2155 unus
1207 2087 1252 2153 et
1284 2065 1401 2155 idem
1434 2067 1543 2156 ordo
1569 2097 1647 2188 per
1670 2097 1823 2156 omnes
1845 2088 1890 2154 et
1913 2064 1960 2154 in
1981 2063 2188 2154 omnibus

755 2215 1059 2329 custodiretur,
1099 2237 1144 2304 et
1185 2215 1463 2305 caeremonias
1511 2215 1557 2305 in
1602 2217 1723 2306 nullo
1767 2215 2063 2337 praeterirent,
2115 2214 2188 2304 sed

754 2388 844 2456 tam
890 2366 1036 2455 stricte
1077 2396 1147 2454 eas
1190 2366 1473 2455 observarent
1509 2365 1629 2486 quasi
1676 2365 1766 2487 ipsa
1807 2371 2006 2480 Statuta3
2043 2362 2185 2455 consi·

754 2518 955 2608 derantes
977 2515 1096 2636 quod
1119 2516 1283 2636 populo
1307 2514 1450 2604 Israeli
1476 2515 1688 2605 Dominus
1714 2546 1796 2637 pro
1825 2516 1943 2605 nulla
1968 2544 2018 2603 re
2049 2513 2186 2636 magis

499 2690 536 2741 11·
552 2689 636 2741 ma.
653 2689 713 2751 12⁸·
754 2666 888 2755 iratus
920 2688 1029 2780 erat,
1059 2694 1190 2785 quam
1230 2694 1311 2785 pro
1348 2665 1687 2784 transgressione
1723 2664 2100 2755 caeremoniarum.
2138 2669 2187 2756 Et

755 2815 830 2937 qui
868 2814 1032 2936 spernit
1069 2812 1253 2929 modica,
1288 2813 1565 2903 caeremonias
1598 2836 1642 2902 et
1673 2812 1939 2936 hujusmodi,
1974 2812 2185 2934 paulatim

683 2974 686 2982 “
755 2965 923 3056 decidet
953 2964 1001 3054 in
1035 2984 1337 3083 contemptum
1372 2967 1603 3085 majorum.
1641 2963 1732 3071 Qui
1766 2962 1885 3052 enim
1923 2961 1970 3053 in
2010 2961 2185 3053 modico

753 3115 928 3236 iniquus
953 3137 998 3203 et
1022 3112 1206 3202 infidelis
1234 3135 1313 3228 est,
1340 3135 1456 3202 certe
1485 3134 1531 3203 et
1548 3113 1595 3202 in
1620 3118 1786 3237 majore
1813 3111 1912 3230 erit,
1942 3110 1975 3204 si
2000 3113 2184 3234 permit-

753 3287 885 3355 tatur.
914 3263 982 3353 Ad
1009 3293 1105 3383 quae
1131 3261 1400 3376 declinanda,
1424 3292 1536 3383 saepe
1557 3260 1766 3383 praeconis
1791 3292 1898 3354 voce
1923 3261 2183 3353 incultarum

471 3437 672 3505 Mesua.
686 3437 725 3489 1³·
753 3435 848 3502 erat
872 3412 978 3501 illud
1003 3409 1178 3502 auribus
1200 3434 1453 3501 nostrorum
1475 3446 1483 3500 :
1506 3412 1736 3502 Custodite
1752 3411 2031 3502 caeremonias
2048 3441 2180 3529 meas,

753 3561 856 3653 dicit
887 3560 1115 3650 Dominus.
1150 3565 1269 3650 litut
1293 3560 1441 3650 omnia
1468 3561 1625 3651 fierent
1650 3562 1872 3677 decenter,
1898 3562 2101 3679 honeste,
2130 3562 2184 3654 ad

753 3710 971 3824 amussim,
991 3740 1091 3800 cum
1108 3709 1374 3825 maturitate,
1394 3709 1608 3831 gravitate
1623 3731 1669 3800 et
1685 3711 1969 3801 condecentia
1986 3742 2178 3828 morum,

752 3892 802 3953 ac
832 3860 1071 3951 secundum
1103 3857 1372 3950 uniformem
1396 3883 1568 3980 gestum
1592 3882 1637 3951 et
1659 3862 1840 3951 modum
1867 3860 1975 3952 sacri
2001 3860 2182 3953 Ordinis

754 4033 906 4100 nostri.
