4776 6390
806 672 1021 756 ..55-

196 884 429 1006 Superiora
464 908 509 973 et
544 882 752 975 inferiora
784 884 970 975 invicem
1002 886 1111 974 adeo
1142 885 1458 1008 jungebantur,
1494 884 1623 975 clavis

196 1034 415 1125 eharitatis
437 1035 624 1148 confixa,
644 1035 747 1124 dum
776 1036 886 1123 alter
909 1034 1083 1124 alterius
1111 1066 1247 1124 onera
1269 1057 1481 1156 portaret,
1502 1036 1623 1155 quod
1681 1058 1774 1110 Gom·
1789 1075 1825 1123 v.
1839 1075 1863 1110 2-

192 1214 292 1306 pax,
314 1184 536 1305 patientia,
555 1183 876 1305 longanimitas,
898 1185 1033 1304 pietas
1051 1208 1096 1274 et
1113 1184 1296 1275 charitas
1322 1185 1622 1275 exuberabant

196 1333 242 1424 in
265 1334 479 1424 omnibus.
506 1334 705 1424 Seniores
738 1365 829 1423 non
863 1364 942 1456 per
972 1335 1185 1425 ambitum
1215 1335 1513 1425 discurrebant
1542 1365 1622 1427 nec

196 1483 242 1574 in
272 1484 438 1605 plateis,
464 1486 539 1574 sed
569 1483 617 1573 in
649 1483 763 1574 cellis
794 1483 877 1574 suis
907 1486 1116 1574 sedebant
1144 1485 1198 1573 de
1229 1483 1354 1574 bonis
1390 1483 1622 1605 Religionis

196 1655 443 1749 tractantes,
467 1665 627 1724 novam
653 1633 1042 1754 reintegrationem
1066 1636 1299 1755 lapsorum,
1331 1632 1446 1754 piam
1478 1631 1620 1724 resor-

193 1782 433 1873 mationem
479 1781 735 1897 errantium,
777 1814 826 1872 ac
873 1781 1140 1873 uniformem
1178 1783 1498 1874 observantiam
1543 1812 1622 1905 per

193 1963 347 2022 omnes
384 1938 547 2023 Domos
581 1932 627 2022 in
661 1932 885 2023 Provincia
916 1956 1123 2024 conantes
1153 1931 1330 2023 inferre.
1367 1939 1416 2024 Et
1443 1938 1622 2057 juvenes

193 2082 435 2172 induebant
469 2113 513 2172 se
550 2082 734 2202 gloriam
774 2105 818 2173 et
859 2086 987 2172 stolas
1023 2083 1139 2197 belli,
1177 2083 1233 2172 ad
1270 2081 1622 2173 mortificandum
1681 2112 1904 2183 raucam,

194 2233 392 2322 membra
413 2263 489 2321 sua
511 2262 641 2352 super
656 2255 833 2321 terram.
857 2238 914 2323 En
942 2232 1149 2321 lectulum
1172 2231 1412 2321 Salomonis
1435 2232 1621 2351 quadra·

192 2380 315 2502 ginta
349 2403 394 2470 et
425 2403 525 2470 octo
560 2378 693 2471 fortes
724 2381 924 2472 ambiunt
954 2413 1008 2470 ex
1042 2379 1281 2471 fortissimis
1309 2381 1447 2490 lsrael,
1469 2412 1622 2471 omnes

192 2552 393 2620 tenentes
412 2531 578 2651 gladios
602 2554 647 2620 et
670 2533 724 2621 ad
751 2531 863 2622 bella
878 2529 1138 2654 peritissimi,
1156 2529 1493 2654 uniuscujusque
1510 2530 1623 2621 ensis

193 2711 322 2801 super
354 2678 497 2770 femur
529 2712 656 2771 suum
691 2703 873 2802 propter
905 2680 1083 2770 timores
1118 2704 1356 2770 nocturnos
1391 2714 1400 2770 :
1443 2679 1623 2800 triginta

197 2829 399 2920 Monacbi
424 2852 469 2919 et
491 2829 736 2920 octodecim
761 2830 988 2944 Conversi,
1016 2883 1078 2897 -
1103 2829 1392 2950 incompletus
1414 2859 1622 2920 numerus

194 3002 342 3094 restat,
369 3002 421 3069 ut
443 3010 587 3101 spero,
612 2980 660 3070 in
685 3010 849 3070 annum
872 2979 1039 3103 jubilei,
1063 3034 1125 3046 -
1149 2978 1223 3099 qui
1245 2977 1419 3069 fortiter
1449 2978 1622 3069 stabant

193 3159 322 3250 super
347 3129 586 3219 custodiam
611 3161 732 3220 suam
752 3129 821 3219 die
839 3161 887 3221 ac
910 3152 1056 3244 nocte,
1075 3129 1121 3219 in
1144 3126 1457 3219 exercitatione
1481 3127 1619 3219 victo·

193 3279 267 3369 riae
292 3279 477 3400 quilibet
502 3277 736 3400 suiipsius;¹
769 3281 1009 3401 jucundum
1041 3303 1135 3369 erat
1164 3310 1344 3370 cernere
1376 3278 1620 3370 dimicatio·

193 3460 295 3519 nem
317 3451 363 3518 et
385 3426 606 3519 fervorem
634 3459 804 3521 eorum.

253 3578 483 3669 Silentium
518 3602 563 3668 et
596 3578 786 3669 solitudo
825 3578 1085 3670 strictissime
1121 3578 1284 3670 ibidem
1319 3580 1617 3695 servabantur,
1648 3598 1911 3716 „ss¹,¹,⁸¹¹,¹⁸„,3,¹}3‘{;

192 3730 302 3819 adeo
326 3749 378 3818 ut
402 3728 435 3818 si
461 3751 585 3850 pater
614 3751 691 3819 aut
724 3729 995 3850 propinquus
1026 3760 1292 3850 quemquam
1324 3732 1546 3820 salutasset
1574 3728 1620 3818 in
1649 3724 1817 3776 ⁸⁰¹¹‘⁰‘¹⁵¹¹¹⁸’

190 3877 358 3970 ambitu
385 3878 573 3994 claustri,
591 3879 739 3969 eundo
754 3901 830 3969 aut
845 3880 1071 3969 redeundo
1093 3880 1149 3970 ab
1172 3878 1348 3970 ecclesia
1369 3877 1457 3969 sive
1473 3876 1519 3967 in
1535 3878 1621 3967 alio

190 4029 289 4118 loco
310 4050 435 4117 extra
458 4029 626 4142 cellam,
647 4027 842 4149 quamvis
858 4028 1075 4119 licentiam
1099 4029 1319 4120 habuisset
1336 4060 1428 4120 non
1443 4055 1618 4148 respon-

191 4177 335 4293 disset,
355 4177 430 4267 sed
452 4199 626 4268 tantum
653 4200 702 4268 ut
726 4179 781 4268 ad
803 4179 928 4269 cellas
946 4209 1103 4269 eorum
1119 4202 1338 4300 pergeret,
1358 4179 1392 4270 si
1416 4210 1516 4269 eum
1539 4176 1620 4267 illis

190 4326 311 4448 loqui
328 4326 548 4443 voluisset,
569 4327 802 4417 annuebat.
833 4333 882 4419 ln
898 4329 1021 4418 nullo
1037 4330 1134 4418 loco
1158 4328 1468 4451 projiciebatur
1489 4326 1617 4417 silen-

190 4476 319 4592 tium,
340 4508 421 4567 nec
436 4476 568 4569 etiam
585 4478 880 4600 loquebantur
900 4480 955 4570 ad
974 4479 1160 4571 invicem
1183 4479 1275 4571 sine
1296 4479 1481 4570 licentia.
1502 4484 1619 4567 Ante

189 4627 350 4718 harum
377 4626 769 4748 ingurgitationem
801 4650 1125 4750 tempestatum,
1156 4660 1383 4751 nunquam
1416 4628 1620 4718 exierunt

188 4777 405 4869 clausuras
438 4782 625 4893 Domus,
654 4809 735 4869 nec
768 4777 847 4900 ipsi
880 4778 1058 4900 quidem
1094 4779 1320 4873 Conversi.
1360 4785 1442 4870 Per
1472 4801 1618 4871 totum

1570 4960 1587 5008 9
