1481 1781
555 256 662 282 -45-

257 310 281 333 in
300 310 391 332 modum
410 309 526 339 vigilanter
545 309 649 332 dormivit
669 317 693 331 ac
713 309 801 340 quievit
824 311 971 340 Quocumque

258 347 318 370 enim
337 355 359 370 se
379 347 486 375 vertebat,
504 346 637 377 ubicumque
656 346 705 375 fuit,
727 347 750 369 in
769 347 867 369 tumultu
884 347 927 370 sive
947 347 970 370 in

258 384 382 413 solitudine,
404 384 428 407 in
449 384 524 415 plateis
549 384 593 406 sive
614 383 637 406 in
657 385 718 413 cella,
738 384 880 407 convertebat
899 392 922 407 se
944 385 971 407 ad

258 430 304 451 cor,
320 422 422 444 hauriens
440 429 515 452 pacem
529 430 534 444 ι
551 429 635 452 pacem,
651 422 702 452 quia
720 422 743 444 in
762 429 814 452 pace
832 422 933 452 speravit,
948 428 971 444 et

259 460 286 482 nb
297 467 323 482 ea
340 459 404 482 nullis
417 459 510 489 negotiis
526 459 639 487 alienatus,
652 459 689 482 sed
700 464 759 482 totus
774 459 798 481 in
814 460 885 482 Deum
897 459 971 482 inten-

258 502 293 519 ωε
308 496 352 519 sive
368 502 443 527 raptus
458 496 500 519 fuit
512 496 535 519 in
551 496 612 519 omui
629 496 685 519 loco.
699 496 849 519 Certissimum
863 502 895 520 est
911 497 971 520 enim

258 534 319 564 quod
333 533 458 564 relinquens
474 533 567 564 seipsum
583 540 674 564 propter
686 535 764 562 Deum,
777 535 904 565 centuplum
918 534 971 557 aoei-

258 571 303 601 piet
315 571 380 593 etiam
392 571 415 593 in
426 571 533 601 praesenti.

290 610 365 639 ltaque
378 616 399 631 se
411 616 489 639 gerens
504 616 544 638 per
555 608 675 631 triennium
692 608 715 631 in
730 609 771 631 hoc
787 609 860 631 officio
876 615 969 638 mature,

258 651 347 668 strenue
366 653 390 668 ac
406 646 449 676 pie,
459 645 618 675 amabilemque
634 647 681 668 Deo
697 652 720 668 et
738 646 870 675 hominibus,
880 652 970 669 vacante

260 683 359 706 Prioratu
370 687 374 695 ¹
388 684 471 706 Domus
483 684 547 705 Bellae
559 684 626 712 vallis,
636 683 689 706 illud
699 691 754 706 onus
766 684 837 706 subire
845 690 931 706 coactus
938 690 970 706 est

258 727 281 743 et
293 726 388 751 portare.
404 722 456 748 Quo
468 728 495 743 eo
508 720 623 751 migrante,
635 726 657 743 et
668 721 706 744 vix
716 729 755 751 per
765 721 878 743 dimidium
888 729 969 743 annum

258 758 288 781 ibi
300 758 444 787 ministrante,
453 758 480 781 ab
488 766 514 780 ea
522 758 550 780 ad
557 758 625 780 ubera
634 758 707 781 matris
716 766 764 789 quae
772 766 823 781 eum
832 759 968 787 educaverat,

258 801 281 818 et
292 796 319 818 ad
332 804 375 818 suae
385 795 523 826 professionis
536 796 631 818 Domum
644 801 757 818 revocatus
769 801 807 818 est.
826 796 971 826 Emigraverat

258 833 317 856 enim
330 841 357 855 ex
368 834 408 856 hac
424 833 468 856 vita
480 832 607 855 venerabilis
622 834 685 855 Pater
702 833 764 855 Prior
778 834 874 864 ejusdem
888 835 970 858 Domus

260 870 428 899 Londoniarum,
448 871 537 893 nomine
556 872 650 893 joannes
671 872 851 899 Batmansonus²;
868 871 895 893 ad
910 872 970 901 cujus

258 908 387 938 supplendas
401 908 465 937 vices,
475 908 515 930 iste
526 908 657 931 reverendus
670 909 734 930 Pater
747 916 791 930 uno
803 908 902 930 omnium
916 916 969 931 con-

257 952 321 967 sensu
333 945 402 976 (quod
412 953 502 975 perraro
515 952 579 968 antea
590 945 671 968 ibidem
680 945 749 967 visum
761 945 840 974 fuerat)
849 952 970 976 assumptus

258 987 298 1011 est,
310 990 335 1005 ac
347 983 437 1005 demum
448 990 507 1005 anno
520 983 629 1005 secundo·
643 982 752 1005 Prioratus
762 982 802 1011 sui⁷
817 990 829 1005 a
843 984 969 1006 Reverendo

259 1023 322 1044 Patre
339 1020 444 1043 Cartusiae
463 1021 544 1042 electus
567 1026 599 1042 est
615 1025 638 1042 et
654 1020 772 1050 assignatus
789 1020 812 1042 in
828 1020 969 1051 principaiem

259 1058 377 1081 Provinciae
388 1057 472 1087 Angliae
485 1057 623 1080 Visitatorem
634 1056 648 1079 ³.

289 1095 322 1118 Sic
333 1094 371 1125 qui
382 1095 449 1117 latere
461 1100 484 1117 et
492 1094 567 1117 nesciri
577 1094 685 1124 cupiebat,
695 1102 735 1124 per
742 1094 837 1117 divinam
851 1095 969 1118 Providen-

257 1133 318 1161 tiam,
330 1133 358 1155 ad
370 1133 490 1155 multorum
502 1131 632 1162 profectum,
643 1132 744 1154 notitiam
760 1139 784 1154 ac
798 1132 869 1154 lucem
880 1138 912 1155 est
923 1133 969 1155 edi-

257 1176 297 1193 tus.
312 1171 336 1192 In
348 1177 441 1200 quarum
453 1170 554 1192 omnibus
567 1169 670 1192 oneribus
681 1169 893 1192 administrationum
905 1170 969 1201 ipsius

256 1213 317 1238 gesta
329 1215 375 1230 non
387 1207 443 1230 facili
451 1213 541 1237 possunt
552 1207 654 1237 explicari
665 1214 773 1235 sermone,
784 1207 854 1229 multo
866 1215 918 1230 vero
927 1207 968 1230 dif-

256 1245 340 1267 ficiliori
348 1252 375 1267 ea
386 1253 433 1275 quae
442 1244 570 1267 intrinsecus
578 1245 654 1273 latent,
664 1252 713 1267 cum
722 1252 788 1266 nemo
797 1244 848 1267 sciat
856 1245 909 1275 quid
917 1253 968 1275 aga-

257 1288 293 1305 tur
307 1282 331 1304 in
346 1282 436 1305 homine
450 1282 490 1304 nisi
505 1282 591 1312 spiritus
602 1282 704 1304 hominis.
720 1282 884 1305 Inexhauribilis
895 1282 968 1313 itaque

1000 430 1018 443 11v
1025 434 1061 447 mx,
1068 430 1081 443 ³.

999 542 1050 555 uana,
1057 546 1086 559 m,
1093 546 1114 559 ις.

999 694 1061 713 afficitur
1077 695 1116 707 mor

984 713 1059 741 525533‘2.
1070 710 1116 739 333?

992 918 1031 930 Prior
1038 918 1116 931 nunnoni·-

984 937 1015 946 rum
1024 933 1085 950 eligitur.

998 992 1004 997 '
1013 991 1057 1004 15³2>
