1481 1781
584 262 690 289 -57-

280 314 340 342 Q1id
352 314 450 337 dicerent
459 315 554 337 carnales
565 315 649 337 domini
658 315 723 338 servis
731 315 774 337 suis
781 314 869 337 incaute
878 323 900 337 se
912 315 995 338 haben-

278 352 336 375 tibus
346 352 402 374 circa
413 352 557 374 ministerium
571 352 651 374 suum?
666 352 698 375 llli
710 360 760 375 cum
776 352 872 375 maxima
884 352 996 383 diligentia

278 394 301 412 et
315 389 414 420 pervigili
431 389 566 412 advertenda
582 389 656 412 omnia
675 389 722 412 fieri
738 389 794 412 circa
813 398 835 412 se
851 390 938 419 volunt;
956 397 996 412 nos

278 432 353 449 nutem
373 427 509 457 negligentes
531 425 611 449 fuimus
629 427 652 449 in
672 427 760 450 servitio
779 427 820 450 Dei
839 427 916 456 nostri,
933 427 995 457 Regis

279 471 356 494 regum
371 470 394 486 et
408 464 497 487 Domini
509 464 676 487 dominantium.
691 464 768 487 Timeo
781 465 843 495 quod
854 465 906 487 tales
919 470 994 487 exsut-¹

278 507 333 531 gent
347 501 371 524 in
386 501 467 532 judicio
479 507 555 524 contra
569 509 617 530 nos,
630 507 653 524 et
667 502 703 524 illa
716 510 794 524 eorum
811 502 917 532 exquisita
928 510 995 532 opera

278 546 319 561 nos
340 546 381 569 pro
401 539 479 561 nostris
501 538 588 561 incuriis
607 544 630 561 et
649 539 786 569 negligentiis
807 540 992 568 condemnabunt,

278 576 423 606 adstipulante
440 576 470 598 eis
487 576 522 598 illa
537 576 703 599 comminatoria
714 585 767 599 voce
782 582 806 599 et
817 577 911 599 terrifica
923 577 995 599 divina

278 613 386 636 sententia
396 622 401 636 ε
415 614 541 636 Maledictus
549 613 586 644 qui
595 613 646 636 facit
653 622 708 644 opus
719 614 759 637 Dei
771 614 916 644 negligenter.
927 615 995 641 Quod

279 656 362 673 avertat
377 659 390 673 a
405 651 468 673 nobis
487 651 607 673 misericors
624 653 689 674 Deus.
703 661 714 673 x
732 653 756 674 Et
771 652 878 674 continuo
893 651 995 682 praecepit

277 688 309 711 eis
323 688 363 712 sub
380 689 511 717 obedientia,
525 694 550 711 ut
567 689 751 719 quemadmodum
768 697 855 719 semper
870 689 995 711 habuerunt

278 727 354 749 lumen
364 734 404 757 per
416 732 488 749 totum
501 732 589 749 cantum
604 727 738 749 Psalmorum
751 726 774 749 in
786 726 889 749 omnibus
900 728 994 749 Noctur—

278 764 312 787 nis
323 770 347 787 et
360 764 475 787 ferialibus
489 764 593 787 Laudibus
606 772 634 786 ex
649 764 816 793 consuetudine,
830 764 861 786 ita
877 770 900 786 et
912 764 935 786 in
950 765 994 786 Do-

279 801 428 830 minicalibus;
441 809 465 824 ac
478 801 544 824 etiam
562 802 650 832 quando
664 801 745 831 aliquid
757 801 806 831 quis
818 802 875 824 solus
888 807 992 830 cantaret,

278 839 384 870 quidquid
396 839 418 861 id
430 844 493 867 esset,
503 839 578 861 lumen
591 839 689 862 haberet.

310 878 334 900 Et
345 877 396 908 quia
407 877 502 908 specialis
515 877 535 900 ei
548 884 599 900 cura
610 882 657 900 erat
669 877 696 900 de
707 876 817 906 omnibus,
827 882 850 899 et
861 876 917 900 ratio
928 876 956 900 ab
966 884 994 899 eo

278 915 385 946 exigenda
400 923 441 945 pro
457 915 593 945 singulorum
608 915 720 937 animabus
734 915 812 946 (justus
825 915 905 945 quippe
918 915 994 937 admo-

278 953 362 976 nendus
374 959 406 975 est
419 959 444 975 ut
456 953 479 975 in
491 953 589 976 bonitate
600 958 623 975 et
631 952 711 982 justitia
724 960 762 975 sua
770 957 907 982 permaneat,
916 952 995 982 impius

278 998 331 1015 vero
341 996 367 1013 ut
379 998 391 1013 a
401 991 435 1013 via
451 998 488 1013 sua
503 998 570 1020 prava
581 995 711 1018 revertatur,
725 995 747 1012 et
761 989 848 1020 tepidus
864 989 956 1020 adjicere
970 995 995 1012 ut

278 1028 393 1058 resurgat),
409 1028 458 1050 ideo
478 1028 544 1050 semel
560 1028 588 1050 ad
605 1027 676 1050 minus
691 1027 790 1058 quolibet
810 1035 884 1049 mense
903 1027 995 1057 ipsemet

278 1065 405 1089 conventui
415 1073 454 1087 suo
463 1065 550 1088 volebat
561 1065 696 1094 concionari3
707 1070 813 1095 tantaque
822 1064 935 1087 dulcedine
945 1072 994 1087 ver-

278 1103 300 1126 bi
311 1102 387 1125 referti
399 1108 462 1125 erant
474 1103 520 1133 ejus
531 1110 649 1131 semones,
663 1102 722 1133 quod
733 1102 771 1124 ubi
780 1107 829 1124 erat
840 1102 896 1132 ignis
904 1102 993 1124 abscon-

278 1140 342 1169 ditus,
352 1140 505 1163 inveniebatur
512 1147 580 1162 crassa
589 1148 644 1170 aqua
653 1148 702 1170 quae
710 1139 845 1162 discurrebat
853 1147 902 1162 cum
911 1139 994 1169 impetu

277 1184 318 1209 per
335 1178 409 1200 oeulos
426 1178 556 1206 multorum;
577 1185 620 1208 qua
640 1185 690 1200 cum
710 1177 813 1199 sacrificia
830 1184 908 1199 eorum
924 1182 995 1199 essent

277 1222 369 1246 aspersa,
384 1215 464 1237 iterum
480 1222 580 1237 accensus
597 1220 629 1237 est
645 1214 701 1244 ignis
717 1222 818 1244 magnus,
832 1215 902 1245 major
916 1214 995 1237 scilicet

276 1252 366 1276 devotio
386 1257 409 1274 et
427 1260 497 1275 novus
516 1251 596 1275 fervor.
617 1253 668 1274 Non
687 1252 766 1275 frustra
785 1252 925 1282 loquebatur,
943 1260 994 1274 uam

277 1289 426 1320 unusquisque
441 1289 497 1312 vires
515 1297 562 1312 suas
580 1289 682 1320 applicuit
701 1290 728 1312 ad
743 1289 879 1320 implendum
899 1297 925 1312 ea
946 1297 994 1320 quae

967 1329 975 1342 8

1025 472 1068 488 Apoe-
1077 475 1104 487 ιιι,
1113 471 1133 485 ιε,

1023 620 1074 633 am.
1092 624 1140 637 mm,

1011 639 1030 648 n,⁴

1021 884 1067 904 Sequi
1073 884 1087 898 ln
1092 888 1139 898 menn

1008 904 1103 914 concion-nir.

1024 1145 1043 1159 ΙΙ4
1050 1145 1095 1159 uam
1104 1149 1113 1162 ι,
1118 1149 1139 1159 w.
