4740 6414
795 1343 1043 1450 CAPUT
1100 1345 1529 1452 UNDECIMUM

481 1730 551 1833 Da
577 1727 711 1831 trium
742 1723 933 1831 oliorum
960 1729 1152 1832 Potrom
1180 1723 1463 1831 trucidatione
1494 1745 1534 1830 ot
1569 1723 1836 1831 residuorum

914 1898 1148 2042 afflictione
1175 1904 1394 2006 continuo.

760 2546 808 2632 IS
825 2542 988 2631 Sanctis
1009 2543 1070 2632 ita
1088 2541 1325 2657 trucidatis,
1345 2543 1404 2632 ob
1427 2542 1539 2632 hanc
1566 2573 1742 2662 quoque
1773 2574 1874 2633 cau-

761 2723 866 2808 sam,
887 2689 1000 2782 infra
1019 2714 1106 2781 tres
1122 2715 1352 2813 sequentes
1368 2691 1676 2806 hebdomadas,
1697 2692 1873 2814 quidam

760 2841 921 2932 infimae
955 2840 1215 2932 conditionis
1246 2840 1446 2931 homines
1472 2864 1517 2930 et
1543 2843 1664 2931 nullo
1694 2843 1874 2933 nomine

759 2990 895 3113 digni,
921 2992 975 3080 ad
990 2989 1218 3112 praefatum
1234 2990 1400 3080 domini
1424 2990 1548 3111 Regis
1565 2990 1782 3082 Vicarium
1803 3023 1872 3083 ac-

438 3169 665 3238 cesserunt
664 3144 962 3267 ‚postulantes
982 3142 1110 3230 abeo
1134 3139 1438 3231 auctoritatem
1455 3142 1600 3261 plures
1617 3141 1871 3232 Cartusien-

343 3314 347 3319 “
438 3329 510 3387 ses
531 3295 739 3387 illudendi
755 3316 800 3383 et
816 3281 1053 3411 affligendi
1076 3295 1178 3397 Qua
1194 3289 1381 3379 libenter
1398 3320 1611 3404 concessa,
1630 3291 1802 3381 concito
1819 3292 1873 3380 ad
1915 3323 1990 3434 Αθιιιῐῑ1
1998 3334 2054 3437 ¹2⁶⁸

439 3478 525 3536 nos
559 3466 777 3535 venerunt
808 3442 961 3563 gradu,
981 3470 1029 3529 ac
1057 3461 1144 3528 tres
1170 3439 1275 3529 alios
1300 3438 1567 3529 venerabiles
1605 3446 1750 3529 Patres
1781 3397 1960 3561 (qui‘ffi-e

443 3595 583 3716 capita
604 3589 918 3708 remanserant)
942 3619 1141 3710 rapuere,
1162 3588 1318 3678 scilicet
1347 3594 1518 3678 Patrem
1548 3589 1871 3710 Humphridum

449 3745 732 3835 Middlemore
762 3763 867 3830 tunc
894 3738 1111 3829 Vicarium
1135 3737 1412 3853 existentem,
1441 3761 1486 3828 et
1507 3761 1635 3828 antea
1662 3745 1871 3829 Procura-

446 3917 587 3984 torem
624 3898 805 4004 Domus,
843 3895 1014 3979 Patrem
1052 3887 1333 3978 Guillelmum
1370 3893 1559 4004 Exmexv,
1595 3912 1815 3979 remotum
1848 3921 1872 3977 a

448 4042 663 4133 Vicariatu
700 4046 1031 4128 Procuratorem
1066 4035 1242 4152 factum,
1275 4059 1321 4126 et
1363 4044 1534 4127 Patrem
1572 4037 1869 4128 Sebastianum

447 4192 700 4312 Newdigate
724 4189 993 4280 sacerdotem
1018 4209 1063 4276 et
1087 4188 1349 4277 monachum
1378 4189 1570 4309 ejusdem
1597 4211 1754 4278 nostrae
1781 4194 1869 4278 Do-

446 4373 577 4433 mus:
615 4340 695 4429 hos
724 4361 811 4428 tres
844 4337 905 4426 illi
935 4336 1295 4427 immisericordes
1328 4338 1549 4427 duxerunt
1581 4336 1871 4458 ignominiose

446 4492 498 4582 ad
521 4488 835 4581 foetidissimum
855 4518 1088 4602 carcerem,
1109 4487 1184 4577 ubi
1209 4486 1304 4576 illos
1326 4516 1406 4606 per
1429 4487 1533 4577 duas
1550 4486 1740 4607 integras
1762 4488 1869 4577 heb·

448 4642 651 4731 domadas
681 4637 842 4729 catenis
877 4636 1028 4725 ferreis
1057 4637 1167 4727 circa
1200 4638 1308 4726 colla
1338 4659 1383 4726 et
1412 4666 1537 4726 crura
1569 4635 1736 4754 injectis
1765 4666 1870 4726 con-

449 4790 731 4903 strinxerunt,
772 4809 817 4876 et
848 4786 1134 4906 alligaverunt
1173 4817 1247 4875 eos
1277 4785 1516 4898 durissime,
1550 4817 1647 4876 cum
1684 4785 1872 4875 maxima

2015 3341 2164 3451 conjiciun-
