4740 6414
1173 573 1226 588 ..
1252 555 1308 638 90
1334 573 1387 588 ..

567 740 761 860 quaedam
788 739 935 831 illicita
967 740 1014 831 in
1041 770 1183 861 regno
1216 771 1297 830 suo
1326 740 1575 861 peragenda
1602 738 1823 862 instigare.
1854 748 2000 864 Super

567 889 723 1010 quibus
759 921 1014 982 consensum
1056 888 1256 980 omnium
1299 888 1378 980 sibi
1416 889 1708 1006 subditorum,
1742 922 1769 981 a
1805 891 1998 982 sedecim

566 1068 783 1130 annorum
806 1063 933 1131 aetate
959 1063 1005 1131 et
1026 1071 1170 1162 supra,
1197 1060 1287 1128 tam
1316 1039 1631 1160 Religiosorum
1661 1070 1792 1160 quam
1817 1043 1996 1131 saeeula-

565 1188 679 1279 rium
716 1213 980 1311 extorquere
1011 1192 1199 1282 volebat.
1236 1199 1442 1300 Quorum
1481 1192 1697 1282 malorum
1738 1214 1866 1313 caput
1903 1191 1997 1281 sive

565 1337 824 1460 principium
847 1340 931 1429 hoc
956 1363 1064 1456 erat,
1083 1363 1133 1431 ut
1150 1372 1302 1431 omnes
1328 1340 1523 1431 secundis
1539 1340 1624 1430 suis
1647 1340 1823 1461 nuptiis,
1843 1340 1997 1462 priore

567 1488 730 1608 Regina
752 1511 798 1576 et
812 1492 999 1612 conjuge
1024 1520 1100 1578 sua
1123 1489 1222 1579 licet
1243 1489 1487 1611 superstite,
1508 1489 1806 1580 consentirent
1830 1521 1996 1611 easque

564 1660 680 1728 ratas
711 1660 757 1728 et
776 1637 910 1727 licitas
943 1669 1033 1728 esse
1065 1638 1345 1729 affirmarent.
1377 1644 1580 1759 Cumque
1614 1639 1909 1731 Commissarii
1938 1640 1996 1729 ad

565 1790 649 1878 hoc
671 1789 896 1909 negotium
921 1789 1123 1910 delegati,
1143 1791 1227 1879 hoc
1253 1789 1442 1879 edictum
1461 1788 1585 1910 Regis
1608 1789 1787 1910 exsequi
1806 1790 1994 1909 egrede-

563 1959 733 2054 rentur,
751 1961 796 2027 et
819 1939 873 2028 ad
895 1961 1089 2028 sanctum
1111 1944 1283 2028 Patrem
1309 1960 1507 2028 nostrum
1533 1937 1807 2028 devenissent
1834 1960 1992 2058 quate·

564 2116 645 2176 nus
667 2085 757 2207 ipse
792 2108 837 2176 et
864 2117 964 2177 suus
992 2092 1247 2178 Conventus
1271 2086 1413 2206 Regiae
1434 2085 1613 2210 jussioni
1645 2109 1691 2174 et
1722 2085 1992 2176 ordinationi

273 2256 536 2370 gquggpgppqg
563 2236 809 2357 praeberent
843 2266 1116 2351 consensum,
1150 2235 1374 2357 respondit
1413 2240 1541 2325 Pater
1575 2272 1599 2320 α
1628 2267 1714 2326 suae
1751 2235 1993 2325 vocationis

272 2394 417 2445 ⁸⁹⁰⁰⁸¹¹¹¹¹·
563 2416 655 2475 non
676 2417 782 2500 esse,
802 2416 883 2476 nec
904 2416 948 2475 se
971 2417 1046 2476 seu
1069 2416 1333 2506 quemquam
1352 2414 1546 2500 suorum,
1566 2384 1695 2506 regiis
1717 2385 1904 2506 negotiis
1921 2385 1992 2475 in·

562 2565 715 2656 gerere
742 2566 866 2656 posse
901 2556 976 2624 aut
1001 2534 1181 2650 debere3
1213 2566 1357 2654 neque
1384 2565 1461 2624 sua
1490 2535 1698 2624 interesse
1729 2565 1860 2656 quam
1883 2534 1993 2625 velit

564 2690 653 2775 Rex
685 2684 913 2805 repudiare
945 2714 1129 2804 quamve
1159 2684 1352 2804 accipere
1383 2714 1585 2799 uxorem,
1611 2683 1854 2774 dummodo
1885 2716 1913 2773 a
1945 2715 1991 2775 se

561 2833 732 2954 suisque
755 2832 863 2922 nihil
888 2832 942 2921 de
967 2833 1215 2955 hujusmodi
1245 2833 1374 2923 rebus
1401 2832 1658 2952 exegerit.»
1691 2834 1775 2923 Sed
1802 2835 1888 2924 hoc
1917 2864 1990 2924 re·

561 3014 718 3106 sponso
728 3014 821 3072 non
837 2983 1046 3096 contenti,
1060 2984 1294 3072 voluerunt
1306 3006 1355 3072 ut
1364 2982 1455 3071 sine
1470 2982 1613 3102 aliqua
1626 2982 1987 3104 interpolatione,

561 3139 797 3225 Conventu
821 3163 899 3221 suo
921 3154 1205 3252 congregat0,
1231 3133 1310 3223 sub
1331 3130 1523 3253 praestito
1547 3135 1797 3255 juramento
1820 3132 1990 3224 illicitas

560 3313 650 3374 esse
685 3283 851 3404 priores
882 3282 1053 3403 nuptias
1089 3282 1369 3395 affirmarent,
1389 3281 1542 3402 hisque
1574 3283 1770 3372 secundis
1801 3305 1847 3373 et
1872 3283 1988 3404 proli

561 3433 709 3523 subter
725 3463 795 3521 eas
811 3431 937 3521 editae
962 3431 1208 3553 praeberent
1225 3430 1418 3521 animum
1441 3454 1486 3520 et
1501 3430 1812 3521 obedientiam.
1841 3437 1987 3522 Vene-

560 3581 683 3672 rabili
715 3605 820 3671 tunc
844 3586 970 3670 Patre
996 3604 1146 3670 nostro
1173 3581 1476 3701 respondente,
1497 3612 1541 3670 se
1568 3612 1659 3670 non
1682 3612 1806 3702 posse
1831 3612 1989 3703 capere

561 3763 650 3853 quo
680 3754 807 3853 pacto
836 3729 1001 3852 priores
1033 3731 1195 3852 nuptiae
1224 3731 1460 3821 secundum
1493 3730 1626 3820 ritum
1657 3730 1846 3821 Ecclesiae
1873 3734 1987 3822 cele-

560 3881 695 3972 bratae
728 3902 774 3970 et
805 3879 995 3970 tamdiu
1026 3880 1262 3971 observatae
1292 3880 1588 3995 irritarentur,
1615 3884 1752 4004 jussus
1783 3903 1849 3971 est
1883 3912 1990 3972 mox

270 4061 531 4175 ,mcgssssffgffiffl
561 4029 723 4121 recludi
754 4029 801 4119 in
832 4059 1001 4119 carcere
1037 4029 1184 4119 Turris
1220 4029 1527 4120 Londoniensis
1554 4061 1652 4120 cum
1687 4035 1814 4120 Patre
1844 4036 1988 4121 Hum-

272 4184 457 4249 ”umthffflt
561 4181 734 4303 phrido,
758 4185 1043 4270 Procuratore
1063 4185 1227 4270 Domus
1249 4202 1422 4295 nostrae,
1436 4179 1509 4269 ubi
1524 4210 1604 4300 per
1625 4210 1765 4270 unum
1789 4211 2007 4271 mensem.

562 4330 728 4421 detenti
744 4328 938 4420 fuerunt.
963 4335 1116 4419 Postea
1131 4360 1236 4419 vero
1252 4360 1502 4451 persuasum
1518 4352 1583 4419 est
1599 4329 1659 4419 eis
1675 4359 1755 4451 per
1774 4332 1988 4451 quosdam

561 4480 723 4602 probos
745 4502 792 4569 et
806 4480 957 4569 doctos
973 4479 1102 4594 viros,
1122 4479 1237 4568 illam
1263 4510 1355 4569 non
1378 4510 1468 4569 esse
1492 4478 1650 4569 licitam
1667 4510 1840 4570 causam
1866 4509 1987 4570 mot-

562 4631 614 4721 tis
637 4627 903 4750 infligendae;
930 4629 1086 4750 quibus
1109 4629 1277 4746 auditis,
1296 4626 1374 4718 sub
1397 4627 1643 4742 conditione,
1661 4629 1793 4750 regiae
1815 4659 1985 4721 annue·
