<?xml version="1.0" encoding="UTF-8"?>
<!DOCTYPE html PUBLIC "-//W3C//DTD XHTML 1.0 Transitional//EN"
    "http://www.w3.org/TR/xhtml1/DTD/xhtml1-transitional.dtd">
<html xmlns="http://www.w3.org/1999/xhtml" xml:lang="en" lang="en">
 <head>
  <title>
</title>
<meta http-equiv="Content-Type" content="text/html;charset=utf-8" />
  <meta name='ocr-system' content='tesseract 3.04.00' />
  <meta name='ocr-capabilities' content='ocr_page ocr_carea ocr_par ocr_line ocrx_word'/>
</head>
<body>
  <div class='ocr_page' id='page_1' title='image "./historiaaliquot00chaugoog_0156.png"; bbox 0 0 4740 6414; ppageno 0'>
   <div class='ocr_carea' id='block_1_1' title="bbox 983 697 1227 779">
    <p class='ocr_par' dir='ltr' id='par_1_1' title="bbox 983 697 1227 779">
     <span class='ocr_line' id='line_1_1' title="bbox 983 697 1227 779; baseline 0.004 -48"><span class='ocrx_word' id='word_1_1' title='bbox 983 697 1227 779; x_wconf 62' lang='lat'>..119-</span> 
     </span>
    </p>
   </div>
   <div class='ocr_carea' id='block_1_2' title="bbox 385 880 2105 4746">
    <p class='ocr_par' dir='ltr' id='par_1_2' title="bbox 390 880 1821 2770">
     <span class='ocr_line' id='line_1_2' title="bbox 390 880 1818 1005; baseline 0.001 -32"><span class='ocrx_word' id='word_1_2' title='bbox 390 881 470 974; x_wconf 93' lang='lat' dir='ltr'>bus</span> <span class='ocrx_word' id='word_1_3' title='bbox 496 881 738 974; x_wconf 89' lang='lat' dir='ltr'>Walworth</span> <span class='ocrx_word' id='word_1_4' title='bbox 759 894 787 997; x_wconf 90' lang='lat'>¹,</span> <span class='ocrx_word' id='word_1_5' title='bbox 812 880 944 972; x_wconf 91' lang='lat' dir='ltr'>ambo</span> <span class='ocrx_word' id='word_1_6' title='bbox 973 880 1176 973; x_wconf 91' lang='lat' dir='ltr'>monachi</span> <span class='ocrx_word' id='word_1_7' title='bbox 1209 884 1451 973; x_wconf 86' lang='lat' dir='ltr'>sacerdotes</span> <span class='ocrx_word' id='word_1_8' title='bbox 1483 905 1529 975; x_wconf 91' lang='lat' dir='ltr'>et</span> <span class='ocrx_word' id='word_1_9' title='bbox 1557 881 1736 1005; x_wconf 83' lang='lat' dir='ltr'><strong>professi</strong></span> <span class='ocrx_word' id='word_1_10' title='bbox 1763 915 1818 975; x_wconf 82' lang='lat' dir='ltr'>ex</span> 
     </span>
     <span class='ocr_line' id='line_1_3' title="bbox 393 1030 1821 1155; baseline 0.001 -33"><span class='ocrx_word' id='word_1_11' title='bbox 393 1036 537 1122; x_wconf 89' lang='lat' dir='ltr'>Domo</span> <span class='ocrx_word' id='word_1_12' title='bbox 565 1053 715 1121; x_wconf 93' lang='lat' dir='ltr'>nostra</span> <span class='ocrx_word' id='word_1_13' title='bbox 741 1030 1077 1123; x_wconf 84' lang='lat' dir='ltr'>londoniarum.</span> <span class='ocrx_word' id='word_1_14' title='bbox 1096 1031 1181 1124; x_wconf 89' lang='lat' dir='ltr'>Alii</span> <span class='ocrx_word' id='word_1_15' title='bbox 1201 1033 1316 1123; x_wconf 84' lang='lat' dir='ltr'>duo²</span> <span class='ocrx_word' id='word_1_16' title='bbox 1338 1062 1438 1121; x_wconf 92' lang='lat' dir='ltr'>cum</span> <span class='ocrx_word' id='word_1_17' title='bbox 1465 1031 1627 1122; x_wconf 89' lang='lat' dir='ltr'>eisdem</span> <span class='ocrx_word' id='word_1_18' title='bbox 1652 1032 1821 1155; x_wconf 85' lang='lat' dir='ltr'><strong>expulsi</strong></span> 
     </span>
     <span class='ocr_line' id='line_1_4' title="bbox 392 1179 1817 1303; baseline 0.002 -32"><span class='ocrx_word' id='word_1_19' title='bbox 392 1179 436 1271; x_wconf 89' lang='lat' dir='ltr'>in</span> <span class='ocrx_word' id='word_1_20' title='bbox 461 1180 589 1271; x_wconf 91' lang='lat' dir='ltr'>aliam</span> <span class='ocrx_word' id='word_1_21' title='bbox 610 1203 783 1303; x_wconf 89' lang='lat' dir='ltr'>partem</span> <span class='ocrx_word' id='word_1_22' title='bbox 798 1179 939 1302; x_wconf 86' lang='lat' dir='ltr'>regni,</span> <span class='ocrx_word' id='word_1_23' title='bbox 959 1203 1058 1301; x_wconf 90' lang='lat' dir='ltr'>post</span> <span class='ocrx_word' id='word_1_24' title='bbox 1073 1180 1295 1303; x_wconf 86' lang='lat' dir='ltr'>integrum</span> <span class='ocrx_word' id='word_1_25' title='bbox 1321 1213 1484 1271; x_wconf 90' lang='lat' dir='ltr'>annum</span> <span class='ocrx_word' id='word_1_26' title='bbox 1511 1203 1556 1271; x_wconf 95' lang='lat' dir='ltr'>et</span> <span class='ocrx_word' id='word_1_27' title='bbox 1573 1181 1817 1300; x_wconf 86' lang='lat' dir='ltr'>dimidium,</span> 
     </span>
     <span class='ocr_line' id='line_1_5' title="bbox 394 1329 1820 1454; baseline 0.003 -35"><span class='ocrx_word' id='word_1_28' title='bbox 394 1361 472 1452; x_wconf 89' lang='lat' dir='ltr'>per</span> <span class='ocrx_word' id='word_1_29' title='bbox 503 1330 757 1423; x_wconf 89' lang='lat' dir='ltr'>Visitatores</span> <span class='ocrx_word' id='word_1_30' title='bbox 790 1329 970 1423; x_wconf 87' lang='lat' dir='ltr'>Ordinis</span> <span class='ocrx_word' id='word_1_31' title='bbox 1001 1330 1208 1422; x_wconf 90' lang='lat' dir='ltr'>limitatos</span> <span class='ocrx_word' id='word_1_32' title='bbox 1248 1353 1294 1421; x_wconf 92' lang='lat' dir='ltr'>et</span> <span class='ocrx_word' id='word_1_33' title='bbox 1325 1330 1584 1422; x_wconf 87' lang='lat' dir='ltr'>constitutos</span> <span class='ocrx_word' id='word_1_34' title='bbox 1626 1333 1681 1423; x_wconf 95' lang='lat' dir='ltr'>ab</span> <span class='ocrx_word' id='word_1_35' title='bbox 1724 1334 1820 1454; x_wconf 90' lang='lat' dir='ltr'>ipso</span> 
     </span>
     <span class='ocr_line' id='line_1_6' title="bbox 396 1478 1819 1602; baseline 0.001 -31"><span class='ocrx_word' id='word_1_36' title='bbox 396 1480 518 1601; x_wconf 86' lang='lat' dir='ltr'>Regis</span> <span class='ocrx_word' id='word_1_37' title='bbox 547 1480 736 1597; x_wconf 90' lang='lat' dir='ltr'>Vicario,</span> <span class='ocrx_word' id='word_1_38' title='bbox 765 1480 881 1572; x_wconf 90' lang='lat' dir='ltr'>missi</span> <span class='ocrx_word' id='word_1_39' title='bbox 910 1478 1121 1572; x_wconf 82' lang='lat' dir='ltr'>fuerunt³</span> <span class='ocrx_word' id='word_1_40' title='bbox 1153 1484 1207 1573; x_wconf 94' lang='lat' dir='ltr'>ad</span> <span class='ocrx_word' id='word_1_41' title='bbox 1234 1481 1482 1602; x_wconf 88' lang='lat' dir='ltr'>praedictam</span> <span class='ocrx_word' id='word_1_42' title='bbox 1510 1487 1703 1572; x_wconf 88' lang='lat' dir='ltr'>Domum</span> <span class='ocrx_word' id='word_1_43' title='bbox 1729 1489 1819 1575; x_wconf 91' lang='lat' dir='ltr'>Or-</span> 
     </span>
     <span class='ocr_line' id='line_1_7' title="bbox 395 1629 1819 1753; baseline 0.002 -33"><span class='ocrx_word' id='word_1_44' title='bbox 395 1630 502 1720; x_wconf 90' lang='lat' dir='ltr'>dinis</span> <span class='ocrx_word' id='word_1_45' title='bbox 528 1629 646 1721; x_wconf 87' lang='lat' dir='ltr'>Divae</span> <span class='ocrx_word' id='word_1_46' title='bbox 672 1630 864 1752; x_wconf 84' lang='lat' dir='ltr'>Brigittae</span> <span class='ocrx_word' id='word_1_47' title='bbox 878 1643 914 1747; x_wconf 80' lang='grc'>4;</span> <span class='ocrx_word' id='word_1_48' title='bbox 944 1631 1019 1721; x_wconf 94' lang='lat' dir='ltr'>ubi</span> <span class='ocrx_word' id='word_1_49' title='bbox 1046 1631 1189 1753; x_wconf 91' lang='lat' dir='ltr'>aliqua</span> <span class='ocrx_word' id='word_1_50' title='bbox 1205 1630 1517 1751; x_wconf 86' lang='lat' dir='ltr'>disceptatione</span> <span class='ocrx_word' id='word_1_51' title='bbox 1541 1663 1639 1722; x_wconf 91' lang='lat' dir='ltr'>cum</span> <span class='ocrx_word' id='word_1_52' title='bbox 1657 1633 1819 1723; x_wconf 88' lang='lat' dir='ltr'>eisdem</span> 
     </span>
     <span class='ocr_line' id='line_1_8' title="bbox 395 1779 1818 1905; baseline 0.004 -35"><span class='ocrx_word' id='word_1_53' title='bbox 395 1779 553 1897; x_wconf 89' lang='lat' dir='ltr'>habita,</span> <span class='ocrx_word' id='word_1_54' title='bbox 578 1779 829 1872; x_wconf 87' lang='lat' dir='ltr'>incidebant</span> <span class='ocrx_word' id='word_1_55' title='bbox 854 1781 1032 1871; x_wconf 87' lang='lat' dir='ltr'>tandem</span> <span class='ocrx_word' id='word_1_56' title='bbox 1068 1781 1115 1872; x_wconf 95' lang='lat' dir='ltr'>in</span> <span class='ocrx_word' id='word_1_57' title='bbox 1147 1781 1263 1871; x_wconf 89' lang='lat' dir='ltr'>illam</span> <span class='ocrx_word' id='word_1_58' title='bbox 1288 1780 1596 1871; x_wconf 83' lang='lat' dir='ltr'>simulationem</span> <span class='ocrx_word' id='word_1_59' title='bbox 1622 1782 1818 1905; x_wconf 87' lang='lat' dir='ltr'>(quibus-</span> 
     </span>
     <span class='ocr_line' id='line_1_9' title="bbox 396 1927 1820 2053; baseline 0.005 -36"><span class='ocrx_word' id='word_1_60' title='bbox 396 1929 491 2018; x_wconf 92' lang='lat' dir='ltr'>dam</span> <span class='ocrx_word' id='word_1_61' title='bbox 528 1927 701 2053; x_wconf 82' lang='lat' dir='ltr'>epileiis</span> <span class='ocrx_word' id='word_1_62' title='bbox 736 1928 953 2050; x_wconf 82' lang='lat' dir='ltr'>adhibitis)</span> <span class='ocrx_word' id='word_1_63' title='bbox 985 1929 1032 2020; x_wconf 91' lang='lat' dir='ltr'>in</span> <span class='ocrx_word' id='word_1_64' title='bbox 1065 1961 1197 2052; x_wconf 88' lang='lat' dir='ltr'>quam</span> <span class='ocrx_word' id='word_1_65' title='bbox 1230 1953 1275 2021; x_wconf 92' lang='lat' dir='ltr'>et</span> <span class='ocrx_word' id='word_1_66' title='bbox 1314 1930 1464 2047; x_wconf 88' lang='lat' dir='ltr'>ceteri,</span> <span class='ocrx_word' id='word_1_67' title='bbox 1499 1932 1820 2024; x_wconf 88' lang='lat' dir='ltr'>consentientes</span> 
     </span>
     <span class='ocr_line' id='line_1_10' title="bbox 396 2078 1819 2203; baseline 0.004 -36"><span class='ocrx_word' id='word_1_68' title='bbox 396 2078 520 2200; x_wconf 87' lang='lat' dir='ltr'>regiae</span> <span class='ocrx_word' id='word_1_69' title='bbox 537 2078 773 2195; x_wconf 80' lang='lat' dir='ltr'>voluntati3</span> <span class='ocrx_word' id='word_1_70' title='bbox 800 2079 889 2200; x_wconf 90' lang='lat' dir='ltr'>spei</span> <span class='ocrx_word' id='word_1_71' title='bbox 906 2079 1083 2201; x_wconf 90' lang='lat' dir='ltr'>quidem</span> <span class='ocrx_word' id='word_1_72' title='bbox 1107 2078 1321 2171; x_wconf 89' lang='lat' dir='ltr'>frustratae</span> <span class='ocrx_word' id='word_1_73' title='bbox 1338 2080 1477 2170; x_wconf 82' lang='lat' dir='ltr'>innixi</span> <span class='ocrx_word' id='word_1_74' title='bbox 1494 2081 1700 2203; x_wconf 90' lang='lat' dir='ltr'>vanisque</span> <span class='ocrx_word' id='word_1_75' title='bbox 1718 2112 1819 2202; x_wconf 89' lang='lat' dir='ltr'>per-</span> 
     </span>
     <span class='ocr_line' id='line_1_11' title="bbox 394 2227 1814 2351; baseline 0.001 -31"><span class='ocrx_word' id='word_1_76' title='bbox 394 2227 659 2320; x_wconf 86' lang='lat' dir='ltr'>suasionibus</span> <span class='ocrx_word' id='word_1_77' title='bbox 686 2251 732 2319; x_wconf 91' lang='lat' dir='ltr'>et</span> <span class='ocrx_word' id='word_1_78' title='bbox 760 2229 1117 2351; x_wconf 90' lang='lat' dir='ltr'>promissionibus</span> <span class='ocrx_word' id='word_1_79' title='bbox 1146 2229 1292 2346; x_wconf 84' lang='lat' dir='ltr'>illecti,</span> <span class='ocrx_word' id='word_1_80' title='bbox 1320 2230 1534 2342; x_wconf 86' lang='lat' dir='ltr'>abstracti,</span> <span class='ocrx_word' id='word_1_81' title='bbox 1560 2252 1606 2320; x_wconf 91' lang='lat' dir='ltr'>et</span> <span class='ocrx_word' id='word_1_82' title='bbox 1635 2230 1814 2323; x_wconf 91' lang='lat' dir='ltr'>seducti.</span> 
     </span>
     <span class='ocr_line' id='line_1_12' title="bbox 398 2377 1820 2501; baseline 0.001 -32"><span class='ocrx_word' id='word_1_83' title='bbox 398 2377 739 2469; x_wconf 89' lang='lat' dir='ltr'>Promittebatur</span> <span class='ocrx_word' id='word_1_84' title='bbox 768 2378 886 2468; x_wconf 92' lang='lat' dir='ltr'>enim</span> <span class='ocrx_word' id='word_1_85' title='bbox 912 2379 1152 2470; x_wconf 87' lang='lat' dir='ltr'>indelebilis</span> <span class='ocrx_word' id='word_1_86' title='bbox 1174 2379 1513 2501; x_wconf 90' lang='lat' dir='ltr'>inconcussaque</span> <span class='ocrx_word' id='word_1_87' title='bbox 1543 2380 1748 2470; x_wconf 91' lang='lat' dir='ltr'>stabilitas</span> <span class='ocrx_word' id='word_1_88' title='bbox 1774 2403 1820 2471; x_wconf 88' lang='lat' dir='ltr'>et</span> 
     </span>
     <span class='ocr_line' id='line_1_13' title="bbox 394 2526 1817 2651; baseline 0.001 -33"><span class='ocrx_word' id='word_1_89' title='bbox 394 2526 666 2649; x_wconf 87' lang='lat' dir='ltr'>praeservatio</span> <span class='ocrx_word' id='word_1_90' title='bbox 704 2534 885 2646; x_wconf 91' lang='lat' dir='ltr'>Domus,</span> <span class='ocrx_word' id='word_1_91' title='bbox 914 2529 1040 2620; x_wconf 90' lang='lat' dir='ltr'>nobis</span> <span class='ocrx_word' id='word_1_92' title='bbox 1076 2526 1481 2619; x_wconf 86' lang='lat' dir='ltr'>consentientibus⁵</span> <span class='ocrx_word' id='word_1_93' title='bbox 1507 2530 1638 2651; x_wconf 84' lang='lat' dir='ltr'>regiae</span> <span class='ocrx_word' id='word_1_94' title='bbox 1662 2533 1817 2621; x_wconf 90' lang='lat' dir='ltr'>volun-</span> 
     </span>
     <span class='ocr_line' id='line_1_14' title="bbox 394 2677 1199 2770; baseline 0 -2"><span class='ocrx_word' id='word_1_95' title='bbox 394 2677 484 2768; x_wconf 85' lang='lat' dir='ltr'>tati.</span> <span class='ocrx_word' id='word_1_96' title='bbox 514 2685 573 2768; x_wconf 85' lang='lat' dir='ltr'>At</span> <span class='ocrx_word' id='word_1_97' title='bbox 598 2678 761 2768; x_wconf 89' lang='lat' dir='ltr'>nullam</span> <span class='ocrx_word' id='word_1_98' title='bbox 786 2678 910 2769; x_wconf 90' lang='lat' dir='ltr'>citius</span> <span class='ocrx_word' id='word_1_99' title='bbox 930 2680 1199 2770; x_wconf 87' lang='lat' dir='ltr'>deleverunt.</span> 
     </span>
    </p>

    <p class='ocr_par' dir='ltr' id='par_1_3' title="bbox 385 2825 2105 4746">
     <span class='ocr_line' id='line_1_15' title="bbox 453 2825 1817 2950; baseline 0.001 -33"><span class='ocrx_word' id='word_1_100' title='bbox 453 2825 572 2917; x_wconf 88' lang='lat' dir='ltr'>lnfra</span> <span class='ocrx_word' id='word_1_101' title='bbox 599 2858 763 2918; x_wconf 90' lang='lat' dir='ltr'>annum</span> <span class='ocrx_word' id='word_1_102' title='bbox 793 2829 927 2943; x_wconf 91' lang='lat' dir='ltr'>enim,</span> <span class='ocrx_word' id='word_1_103' title='bbox 956 2850 1188 2950; x_wconf 90' lang='lat' dir='ltr'>postquam</span> <span class='ocrx_word' id='word_1_104' title='bbox 1213 2860 1294 2918; x_wconf 92' lang='lat' dir='ltr'>nos</span> <span class='ocrx_word' id='word_1_105' title='bbox 1324 2858 1693 2943; x_wconf 84' lang='lat' dir='ltr'>consenseramus,</span> <span class='ocrx_word' id='word_1_106' title='bbox 1720 2828 1817 2918; x_wconf 91' lang='lat' dir='ltr'>irri-</span> 
     </span>
     <span class='ocr_line' id='line_1_16' title="bbox 393 2976 1817 3102; baseline 0.001 -35"><span class='ocrx_word' id='word_1_107' title='bbox 393 2999 485 3068; x_wconf 90' lang='lat' dir='ltr'>tum</span> <span class='ocrx_word' id='word_1_108' title='bbox 502 2978 563 3068; x_wconf 94' lang='lat' dir='ltr'>illi</span> <span class='ocrx_word' id='word_1_109' title='bbox 580 2976 778 3069; x_wconf 86' lang='lat' dir='ltr'>fecerunt</span> <span class='ocrx_word' id='word_1_110' title='bbox 803 3012 928 3070; x_wconf 90' lang='lat' dir='ltr'>suum</span> <span class='ocrx_word' id='word_1_111' title='bbox 946 3005 1137 3102; x_wconf 91' lang='lat' dir='ltr'>pactum.</span> <span class='ocrx_word' id='word_1_112' title='bbox 1169 2986 1338 3071; x_wconf 90' lang='lat' dir='ltr'>Omnes</span> <span class='ocrx_word' id='word_1_113' title='bbox 1359 3009 1552 3099; x_wconf 92' lang='lat' dir='ltr'>namque</span> <span class='ocrx_word' id='word_1_114' title='bbox 1574 3009 1654 3067; x_wconf 95' lang='lat' dir='ltr'>nos</span> <span class='ocrx_word' id='word_1_115' title='bbox 1680 3009 1817 3099; x_wconf 85' lang='lat' dir='ltr'>expu-</span> 
     </span>
     <span class='ocr_line' id='line_1_17' title="bbox 392 3123 1817 3252; baseline -0.001 -34"><span class='ocrx_word' id='word_1_116' title='bbox 392 3128 538 3219; x_wconf 90' lang='lat' dir='ltr'>lerunt</span> <span class='ocrx_word' id='word_1_117' title='bbox 575 3161 600 3219; x_wconf 94' lang='lat' dir='ltr'>a</span> <span class='ocrx_word' id='word_1_118' title='bbox 645 3134 789 3220; x_wconf 92' lang='lat' dir='ltr'>Domo</span> <span class='ocrx_word' id='word_1_119' title='bbox 831 3133 1139 3252; x_wconf 86' lang='lat' dir='ltr'>duxeruntque</span> <span class='ocrx_word' id='word_1_120' title='bbox 1176 3130 1222 3234; x_wconf 91' lang='lat' dir='ltr'>in</span> <span class='ocrx_word' id='word_1_121' title='bbox 1265 3123 1581 3250; x_wconf 84' lang='lat' dir='ltr'>Babylonem⁶3</span> <span class='ocrx_word' id='word_1_122' title='bbox 1631 3157 1817 3218; x_wconf 90' lang='lat' dir='ltr'>numero</span> 
     </span>
     <span class='ocr_line' id='line_1_18' title="bbox 393 3276 1818 3401; baseline -0.001 -32"><span class='ocrx_word' id='word_1_123' title='bbox 393 3278 568 3400; x_wconf 89' lang='lat' dir='ltr'>quidem</span> <span class='ocrx_word' id='word_1_124' title='bbox 583 3279 812 3370; x_wconf 88' lang='lat' dir='ltr'>duodecim</span> <span class='ocrx_word' id='word_1_125' title='bbox 829 3278 1043 3401; x_wconf 89' lang='lat' dir='ltr'>professos</span> <span class='ocrx_word' id='word_1_126' title='bbox 1061 3279 1311 3394; x_wconf 89' lang='lat' dir='ltr'>Monachos‚</span> <span class='ocrx_word' id='word_1_127' title='bbox 1332 3300 1419 3367; x_wconf 89' lang='lat' dir='ltr'>tres</span> <span class='ocrx_word' id='word_1_128' title='bbox 1438 3276 1656 3399; x_wconf 89' lang='lat' dir='ltr'>Hospites,</span> <span class='ocrx_word' id='word_1_129' title='bbox 1677 3299 1722 3367; x_wconf 90' lang='lat' dir='ltr'>et</span> <span class='ocrx_word' id='word_1_130' title='bbox 1743 3309 1818 3367; x_wconf 82' lang='lat' dir='ltr'>sex</span> 
     </span>
     <span class='ocr_line' id='line_1_19' title="bbox 393 3426 1817 3550; baseline -0.001 -30"><span class='ocrx_word' id='word_1_131' title='bbox 393 3434 637 3520; x_wconf 85' lang='lat' dir='ltr'>Conversos</span> <span class='ocrx_word' id='word_1_132' title='bbox 671 3427 916 3549; x_wconf 86' lang='lat' dir='ltr'>professos;</span> <span class='ocrx_word' id='word_1_133' title='bbox 953 3459 1070 3518; x_wconf 90' lang='lat' dir='ltr'>anno</span> <span class='ocrx_word' id='word_1_134' title='bbox 1107 3427 1284 3518; x_wconf 90' lang='lat' dir='ltr'>Domini</span> <span class='ocrx_word' id='word_1_135' title='bbox 1321 3428 1430 3550; x_wconf 77' lang='lat'><em>1538</em></span> <span class='ocrx_word' id='word_1_136' title='bbox 1456 3440 1494 3542; x_wconf 88' lang='lat'>⁷,</span> <span class='ocrx_word' id='word_1_137' title='bbox 1540 3426 1609 3516; x_wconf 93' lang='lat' dir='ltr'>die</span> <span class='ocrx_word' id='word_1_138' title='bbox 1651 3427 1817 3518; x_wconf 90' lang='lat' dir='ltr'>decima</span> 
     </span>
     <span class='ocr_line' id='line_1_20' title="bbox 392 3577 1817 3699; baseline -0.001 -30"><span class='ocrx_word' id='word_1_139' title='bbox 392 3578 544 3699; x_wconf 90' lang='lat' dir='ltr'>quinta</span> <span class='ocrx_word' id='word_1_140' title='bbox 560 3578 838 3669; x_wconf 88' lang='lat' dir='ltr'>Novembris:</span> <span class='ocrx_word' id='word_1_141' title='bbox 853 3578 938 3694; x_wconf 92' lang='lat' dir='ltr'>die,</span> <span class='ocrx_word' id='word_1_142' title='bbox 959 3578 1152 3699; x_wconf 89' lang='lat' dir='ltr'>inquam,</span> <span class='ocrx_word' id='word_1_143' title='bbox 1172 3607 1318 3667; x_wconf 89' lang='lat' dir='ltr'>amara</span> <span class='ocrx_word' id='word_1_144' title='bbox 1334 3577 1472 3691; x_wconf 87' lang='lat' dir='ltr'>valde,</span> <span class='ocrx_word' id='word_1_145' title='bbox 1491 3607 1578 3698; x_wconf 95' lang='lat' dir='ltr'>qua</span> <span class='ocrx_word' id='word_1_146' title='bbox 1591 3577 1817 3667; x_wconf 88' lang='lat' dir='ltr'>haereditas</span> 
     </span>
     <span class='ocr_line' id='line_1_21' title="bbox 392 3727 1813 3843; baseline -0.001 -25"><span class='ocrx_word' id='word_1_147' title='bbox 392 3750 538 3818; x_wconf 90' lang='lat' dir='ltr'>nostra</span> <span class='ocrx_word' id='word_1_148' title='bbox 568 3757 690 3819; x_wconf 89' lang='lat' dir='ltr'>versa</span> <span class='ocrx_word' id='word_1_149' title='bbox 720 3751 785 3819; x_wconf 89' lang='lat' dir='ltr'>est</span> <span class='ocrx_word' id='word_1_150' title='bbox 814 3729 869 3817; x_wconf 90' lang='lat' dir='ltr'>ad</span> <span class='ocrx_word' id='word_1_151' title='bbox 897 3727 1075 3843; x_wconf 90' lang='lat' dir='ltr'>alienos,</span> <span class='ocrx_word' id='word_1_152' title='bbox 1110 3729 1264 3817; x_wconf 89' lang='lat' dir='ltr'>domus</span> <span class='ocrx_word' id='word_1_153' title='bbox 1297 3750 1446 3816; x_wconf 91' lang='lat' dir='ltr'>nostra</span> <span class='ocrx_word' id='word_1_154' title='bbox 1481 3727 1536 3816; x_wconf 94' lang='lat' dir='ltr'>ad</span> <span class='ocrx_word' id='word_1_155' title='bbox 1571 3748 1813 3842; x_wconf 88' lang='lat' dir='ltr'>extraneos,</span> 
     </span>
     <span class='ocr_line' id='line_1_22' title="bbox 392 3875 2105 4024; baseline -0.004 -56"><span class='ocrx_word' id='word_1_156' title='bbox 392 3875 588 3999; x_wconf 89' lang='lat' dir='ltr'>factaque</span> <span class='ocrx_word' id='word_1_157' title='bbox 610 3879 766 3968; x_wconf 89' lang='lat' dir='ltr'>domus</span> <span class='ocrx_word' id='word_1_158' title='bbox 794 3877 1106 3993; x_wconf 88' lang='lat' dir='ltr'>struthionum,</span> <span class='ocrx_word' id='word_1_159' title='bbox 1127 3879 1324 3999; x_wconf 89' lang='lat' dir='ltr'>lupanar,</span> <span class='ocrx_word' id='word_1_160' title='bbox 1345 3875 1651 3997; x_wconf 88' lang='lat' dir='ltr'>prostibulum,</span> <span class='ocrx_word' id='word_1_161' title='bbox 1673 3876 1815 3967; x_wconf 89' lang='lat' dir='ltr'>diver·</span> <span class='ocrx_word' id='word_1_162' title='bbox 1843 3908 2105 4024; x_wconf 46' lang='lat' dir='ltr'>,tempu</span> 
     </span>
     <span class='ocr_line' id='line_1_23' title="bbox 391 4025 1817 4148; baseline -0.001 -30"><span class='ocrx_word' id='word_1_163' title='bbox 391 4028 552 4119; x_wconf 88' lang='lat' dir='ltr'>sorium</span> <span class='ocrx_word' id='word_1_164' title='bbox 582 4027 884 4143; x_wconf 90' lang='lat' dir='ltr'>scortantium,</span> <span class='ocrx_word' id='word_1_165' title='bbox 912 4050 956 4117; x_wconf 93' lang='lat' dir='ltr'>et</span> <span class='ocrx_word' id='word_1_166' title='bbox 982 4025 1282 4148; x_wconf 89' lang='lat' dir='ltr'>frequentatus</span> <span class='ocrx_word' id='word_1_167' title='bbox 1307 4028 1425 4116; x_wconf 90' lang='lat' dir='ltr'>locus</span> <span class='ocrx_word' id='word_1_168' title='bbox 1450 4027 1745 4147; x_wconf 83' lang='lat' dir='ltr'>palaestrarum</span> <span class='ocrx_word' id='word_1_169' title='bbox 1771 4048 1817 4116; x_wconf 89' lang='lat' dir='ltr'>et</span> 
     </span>
     <span class='ocr_line' id='line_1_24' title="bbox 389 4173 1816 4297; baseline 0 -32"><span class='ocrx_word' id='word_1_170' title='bbox 389 4176 598 4267; x_wconf 91' lang='lat' dir='ltr'>lusorum.</span> <span class='ocrx_word' id='word_1_171' title='bbox 631 4181 680 4265; x_wconf 92' lang='lat' dir='ltr'>ln</span> <span class='ocrx_word' id='word_1_172' title='bbox 703 4176 877 4267; x_wconf 90' lang='lat' dir='ltr'>ecclesia</span> <span class='ocrx_word' id='word_1_173' title='bbox 905 4199 1053 4266; x_wconf 91' lang='lat' dir='ltr'>autem</span> <span class='ocrx_word' id='word_1_174' title='bbox 1080 4175 1199 4297; x_wconf 85' lang='lat' dir='ltr'>regia</span> <span class='ocrx_word' id='word_1_175' title='bbox 1227 4176 1418 4265; x_wconf 90' lang='lat' dir='ltr'>tentoria</span> <span class='ocrx_word' id='word_1_176' title='bbox 1444 4197 1489 4265; x_wconf 92' lang='lat' dir='ltr'>et</span> <span class='ocrx_word' id='word_1_177' title='bbox 1517 4205 1638 4264; x_wconf 91' lang='lat' dir='ltr'>arma</span> <span class='ocrx_word' id='word_1_178' title='bbox 1664 4173 1816 4265; x_wconf 90' lang='lat' dir='ltr'>bellica</span> 
     </span>
     <span class='ocr_line' id='line_1_25' title="bbox 386 4323 1814 4448; baseline -0.001 -32"><span class='ocrx_word' id='word_1_179' title='bbox 386 4326 747 4448; x_wconf 79' lang='lat' dir='ltr'>reponebantur3</span> <span class='ocrx_word' id='word_1_180' title='bbox 774 4326 983 4447; x_wconf 87' lang='lat' dir='ltr'>imagines</span> <span class='ocrx_word' id='word_1_181' title='bbox 1002 4357 1093 4415; x_wconf 93' lang='lat' dir='ltr'>non</span> <span class='ocrx_word' id='word_1_182' title='bbox 1126 4327 1266 4415; x_wconf 92' lang='lat' dir='ltr'>solum</span> <span class='ocrx_word' id='word_1_183' title='bbox 1289 4331 1562 4440; x_wconf 86' lang='lat' dir='ltr'>Sanctorum,</span> <span class='ocrx_word' id='word_1_184' title='bbox 1586 4323 1814 4415; x_wconf 90' lang='lat' dir='ltr'>sedetiam</span> 
     </span>
     <span class='ocr_line' id='line_1_26' title="bbox 385 4474 1814 4597; baseline -0.001 -31"><span class='ocrx_word' id='word_1_185' title='bbox 385 4475 522 4567; x_wconf 86' lang='lat' dir='ltr'>sancti</span> <span class='ocrx_word' id='word_1_186' title='bbox 555 4475 764 4566; x_wconf 82' lang='lat' dir='ltr'>Crucifixi</span> <span class='ocrx_word' id='word_1_187' title='bbox 794 4475 973 4566; x_wconf 92' lang='lat' dir='ltr'>cultellis</span> <span class='ocrx_word' id='word_1_188' title='bbox 999 4475 1284 4566; x_wconf 90' lang='lat' dir='ltr'>conciderunt</span> <span class='ocrx_word' id='word_1_189' title='bbox 1313 4497 1358 4564; x_wconf 92' lang='lat' dir='ltr'>et</span> <span class='ocrx_word' id='word_1_190' title='bbox 1381 4474 1563 4597; x_wconf 92' lang='lat' dir='ltr'>pedibus</span> <span class='ocrx_word' id='word_1_191' title='bbox 1589 4476 1814 4565; x_wconf 89' lang='lat' dir='ltr'>conculca-</span> 
     </span>
     <span class='ocr_line' id='line_1_27' title="bbox 385 4623 1815 4746; baseline -0.001 -31"><span class='ocrx_word' id='word_1_192' title='bbox 385 4647 575 4742; x_wconf 76' lang='lat' dir='ltr'>verunt,</span> <span class='ocrx_word' id='word_1_193' title='bbox 601 4655 730 4746; x_wconf 88' lang='lat' dir='ltr'>super</span> <span class='ocrx_word' id='word_1_194' title='bbox 755 4625 905 4714; x_wconf 89' lang='lat' dir='ltr'>altaria</span> <span class='ocrx_word' id='word_1_195' title='bbox 933 4649 1079 4716; x_wconf 90' lang='lat' dir='ltr'>sancta</span> <span class='ocrx_word' id='word_1_196' title='bbox 1108 4628 1325 4740; x_wconf 87' lang='lat' dir='ltr'>saltantes,</span> <span class='ocrx_word' id='word_1_197' title='bbox 1356 4623 1524 4714; x_wconf 90' lang='lat' dir='ltr'>choreis</span> <span class='ocrx_word' id='word_1_198' title='bbox 1549 4624 1747 4714; x_wconf 90' lang='lat' dir='ltr'>luserunt</span> <span class='ocrx_word' id='word_1_199' title='bbox 1770 4646 1815 4714; x_wconf 89' lang='lat' dir='ltr'>et</span> 
     </span>
    </p>
   </div>
   <div class='ocr_carea' id='block_1_3' title="bbox 387 4772 1810 4896">
    <p class='ocr_par' dir='ltr' id='par_1_4' title="bbox 387 4772 1810 4896">
     <span class='ocr_line' id='line_1_28' title="bbox 387 4772 1810 4896; baseline 0 -33"><span class='ocrx_word' id='word_1_200' title='bbox 387 4775 504 4892; x_wconf 92' lang='lat' dir='ltr'>aleis,</span> <span class='ocrx_word' id='word_1_201' title='bbox 525 4806 573 4865; x_wconf 94' lang='lat' dir='ltr'>ac</span> <span class='ocrx_word' id='word_1_202' title='bbox 589 4775 671 4865; x_wconf 91' lang='lat' dir='ltr'>alia</span> <span class='ocrx_word' id='word_1_203' title='bbox 686 4777 810 4896; x_wconf 94' lang='lat' dir='ltr'>plura</span> <span class='ocrx_word' id='word_1_204' title='bbox 826 4774 1094 4865; x_wconf 89' lang='lat' dir='ltr'>detestabilia</span> <span class='ocrx_word' id='word_1_205' title='bbox 1114 4798 1160 4865; x_wconf 89' lang='lat' dir='ltr'>et</span> <span class='ocrx_word' id='word_1_206' title='bbox 1175 4772 1362 4864; x_wconf 88' lang='lat' dir='ltr'>nefanda</span> <span class='ocrx_word' id='word_1_207' title='bbox 1385 4773 1431 4863; x_wconf 92' lang='lat' dir='ltr'>in</span> <span class='ocrx_word' id='word_1_208' title='bbox 1455 4772 1531 4863; x_wconf 94' lang='lat' dir='ltr'>illo</span> <span class='ocrx_word' id='word_1_209' title='bbox 1556 4774 1653 4863; x_wconf 95' lang='lat' dir='ltr'>loco</span> <span class='ocrx_word' id='word_1_210' title='bbox 1674 4803 1810 4890; x_wconf 89' lang='lat' dir='ltr'>sacro,</span> 
     </span>
    </p>
   </div>
   <div class='ocr_carea' id='block_1_4' title="bbox 0 0 2374 6406">
    <p class='ocr_par' dir='ltr' id='par_1_5' title="bbox 0 0 2374 6406">
     <span class='ocr_line' id='line_1_29' title="bbox 0 0 2374 6406; baseline 0 0"><span class='ocrx_word' id='word_1_211' title='bbox 0 0 2374 6406; x_wconf 95' lang='lat' dir='ltr'> </span> 
     </span>
    </p>
   </div>
  </div>
 </body>
</html>
