4776 6390
485 1639 550 1690 lsai.
565 1654 619 1704 xiv,
638 1654 676 1690 ια.

484 3299 566 3363 Rura,
579 3314 598 3362 r,
609 3312 651 3363 ao,
663 3313 705 3349 ar.

470 4051 714 4114 Psalm.cxnx,12.

484 4194 553 4246 Ibid.
568 4208 640 4257 cxxi,
655 4191 683 4244 8.

1348 654 1552 736 ..36-

739 888 979 956 retrorsum
1005 865 1051 955 in
1073 897 1165 955 non
1187 866 1471 956 custodiendo
1490 898 1586 985 quae
1603 866 1718 986 apud
1733 896 1804 954 me
1821 863 2012 985 reposita
2027 887 2166 954 erant.

742 1020 880 1105 Tanta
903 1014 1102 1105 sanctitas
1126 1014 1300 1135 vigebat
1330 1015 1446 1104 inter
1473 1046 1563 1130 eos,
1590 1016 1711 1135 quod
1740 1047 1826 1136 ego
1859 1046 1950 1105 non
1985 1047 2081 1105 sum
2107 1014 2169 1104 di-

741 1195 853 1285 gnus
876 1164 1018 1255 vocari
1043 1187 1119 1254 aut
1141 1164 1308 1280 haberi,
1329 1189 1374 1254 et
1391 1166 1532 1254 multo
1550 1163 1691 1254 minus
1708 1164 1889 1280 laudari,
1912 1165 2033 1286 quasi
2061 1197 2171 1255 unus

742 1347 797 1405 ex
823 1315 917 1404 illis.
945 1314 987 1405 si
1011 1314 1118 1404 mihi
1142 1347 1166 1404 e
1196 1315 1417 1405 consortio
1440 1320 1698 1404 Sanctorum
1715 1318 1870 1438 ejecto,
1892 1346 2006 1404 nova
2029 1314 2172 1434 aliqua

743 1469 796 1554 de
822 1465 983 1555 eisdem
1008 1465 1104 1554 filiis
1125 1463 1302 1586 quidem
1325 1463 1555 1553 hominum
1578 1467 1667 1586 jam
1693 1461 1917 1579 referenti,
1938 1463 2169 1585 provenire

743 1617 923 1706 deberet
956 1617 1062 1731 laus,
1095 1616 1235 1704 multo
1269 1612 1514 1735 praeclarior
1552 1612 1612 1702 illi
1646 1614 1828 1703 Cherub
1867 1636 1958 1703 tam
1991 1613 2171 1735 pulchre

743 1765 937 1881 condito,
962 1788 1143 1886 propter
1171 1763 1460 1885 pollutionem
1490 1795 1576 1853 suae
1607 1761 1954 1853 sanctificationis
1982 1763 2029 1852 in
2059 1765 2169 1852 mul·

744 1915 931 2006 titudine
975 1915 1255 2036 iniquitatum
1298 1944 1473 2003 suarum
1517 1916 1658 2036 ejecto
1696 1913 1750 2002 de
1790 1911 1936 2002 medio
1980 1912 2168 2034 lapidum

743 2059 1000 2181 ignitorum,
1026 2060 1136 2150 mira
1161 2086 1309 2153 tamen
1335 2086 1485 2184 postea
1511 2063 1565 2151 de
1588 2062 1682 2183 ipso
1715 2061 1818 2152 Filio
1844 2061 1925 2153 Dei
1950 2061 2169 2152 enarranti

744 2211 920 2331 quando
943 2210 1053 2301 dixit
1081 2212 1273 2302 Domino
1299 2218 1399 2303 Jesu
1427 2247 1435 2301 :
1466 2211 1630 2301 Scimus
1660 2211 1755 2331 quis
1787 2211 1856 2327 sis,
1885 2217 1951 2302 Tu
1985 2244 2031 2302 es
2061 2212 2169 2301 filius

745 2358 841 2474 Dei,
869 2361 959 2450 laus
982 2360 1213 2451 tribuenda
1236 2359 1370 2477 soret,
1396 2362 1516 2482 quod
1539 2359 1754 2450 nefarium
1779 2384 1845 2451 est
1865 2360 2051 2482 opinari.
2075 2367 2168 2452 lna-

744 2507 808 2598 nis
831 2540 880 2599 ac
902 2507 1055 2599 frivola
1080 2533 1145 2600 est
1169 2512 1380 2601 exultatio
1405 2511 1453 2633 (si
1480 2511 1611 2600 fidem
1635 2511 1864 2601 adhibeam
1891 2511 2003 2601 Divo
2030 2513 2171 2632 Chry-

742 2682 951 2775 sostom0,
985 2661 1052 2748 vel
1086 2660 1264 2750 tantillae
1296 2660 1576 2782 experientiae
1614 2659 1737 2778 meae)
1772 2660 1840 2750 cui
1877 2685 2172 2750 remurmurat

743 2807 1042 2899 testimonium
1085 2810 1371 2900 conscientiae.
1414 2809 1538 2900 Absit
1575 2840 1683 2931 ergo
1723 2833 1772 2900 ut
1809 2834 1933 2900 vocet
1973 2842 2045 2899 me
2079 2810 2172 2930 quis

745 2956 918 3073 Noemi,
948 2958 1023 3047 sed
1055 2960 1200 3080 potius
1232 2991 1444 3075 amarum,
1475 2960 1576 3080 quia
1611 2958 1762 3049 afflixit
1800 2982 1846 3049 et
1883 2959 2171 3051 amaritudine

743 3107 926 3228 replevit
952 3139 1023 3196 me
1050 3107 1361 3229 Omnipotens.
1394 3114 1590 3230 Egressus
1615 3140 1708 3198 sum
1732 3111 1902 3230 plenus,
1924 3133 1970 3200 et
1987 3142 2172 3201 vacuum

743 3256 918 3347 reduxit
941 3290 1011 3347 me
1040 3259 1264 3349 Dominus.
1290 3258 1479 3350 Sufficiet
1505 3258 1611 3348 mihi
1635 3259 1785 3374 m0d0,
1805 3258 1839 3349 si
1864 3291 1920 3349 ex
1943 3263 2028 3351 hoc
2053 3263 2172 3383 quod

743 3436 877 3526 egero
908 3406 1046 3526 gloria
1076 3407 1123 3497 in
1153 3408 1328 3499 excelsis
1362 3410 1416 3499 ab
1451 3408 1628 3529 Angelis
1657 3407 1878 3499 Altissimo
1910 3433 2104 3526 resonet,
2129 3434 2172 3500 et

743 3554 789 3644 in
812 3577 929 3646 terra
952 3555 1041 3646 istis
1068 3557 1231 3647 Sanctis
1255 3558 1479 3648 veneratio
1507 3559 1561 3648 ab
1584 3556 1835 3648 hominibus
1860 3559 1987 3649 bonae
2013 3562 2170 3651 volun-

744 3704 843 3796 tatis
877 3704 1170 3827 impendatur,
1197 3739 1244 3797 ac
1274 3739 1352 3829 per
1382 3707 1718 3798 misericordiam
1756 3708 1835 3797 Dei
1869 3733 2068 3829 resurgat
2097 3710 2170 3799 de-

744 3855 896 3946 molita
920 3856 1045 3946 vinea
1072 3880 1230 3946 nostrae
1257 3880 1412 3947 sanctae
1436 3856 1683 3977 Religionis,
1708 3880 1753 3947 et
1776 3858 1994 3977 expandat
2016 3859 2171 3978 palmi-

743 4029 808 4096 tes
844 4037 943 4096 suos
971 4038 996 4096 a
1029 4006 1137 4096 mari
1173 4008 1397 4128 usquead
1431 4038 1551 4097 mare
1588 4031 1633 4096 et
1664 4037 1689 4096 a
1719 4004 1901 4096 flumine
1940 4038 2079 4129 usque
2119 4011 2173 4097 ad

743 4155 954 4246 terminos
984 4156 1100 4247 orbis
1130 4179 1363 4272 terrarum,
1389 4181 1435 4247 et
1461 4182 1511 4247 ut
1539 4158 1630 4247 haec
1657 4157 1765 4247 fiant
1794 4155 1940 4246 forsan
1966 4158 2167 4278 deposco

745 4307 819 4397 llla
845 4330 992 4396 tamen
1026 4338 1117 4396 non
1146 4306 1258 4416 dico,
1285 4305 1405 4427 quasi
1439 4309 1551 4396 hanc
1581 4306 1721 4396 inanis
1752 4305 1902 4426 gloriae
1934 4306 2170 4398 mortifica-

744 4455 910 4546 tionem
937 4456 1192 4577 accepissem
1220 4480 1265 4546 et
1293 4461 1381 4580 jam
1412 4455 1628 4578 perfectus
1656 4487 1809 4570 essem,
1834 4457 1909 4546 sed
1939 4481 1989 4546 ut
2014 4457 2172 4579 linguis

744 4604 893 4695 alienae
919 4607 1054 4696 laudis
1081 4608 1322 4721 subtractis,
1349 4608 1403 4697 ab
1425 4607 1528 4728 igne
1561 4608 1683 4696 malae
1708 4605 2069 4727 concupiscentiae
2097 4608 2170 4729 qui

744 4755 908 4845 clausus
940 4778 1004 4845 est
1037 4755 1081 4845 in
1112 4756 1276 4847 ossibus
1299 4757 1405 4848 meis
1428 4755 1591 4847 facilius
1618 4756 1839 4878 expediar,
1865 4757 1900 4847 si
1923 4789 2013 4879 quo
2036 4759 2171 4848 modo
