4740 6414
983 692 1223 773 -113—

392 935 505 995 anno
528 903 742 1025 sequenti,
762 902 900 1024 passio
928 907 1020 1025 ejus
1044 901 1126 992 fuit
1148 901 1274 1016 facta,
1302 895 1346 990 et
1372 902 1652 993 incarceratio
1682 902 1815 994 sancti

393 1054 525 1144 Patris
558 1053 714 1144 Vicarii
748 1085 846 1143 cum
876 1053 997 1142 sociis
1030 1053 1128 1143 suis.
1166 1051 1315 1142 Tertio
1347 1082 1464 1141 anno
1497 1053 1587 1142 haec
1613 1076 1817 1174 praetacta

391 1203 594 1325 dispersio
613 1209 824 1317 Fratrum,
846 1233 942 1323 quae
965 1201 1076 1293 facta
1097 1200 1181 1292 fuit
1197 1232 1288 1291 non
1310 1201 1401 1291 sine
1423 1203 1688 1293 lamentabili
1705 1233 1814 1323 prae-

391 1353 454 1444 via
480 1353 676 1443 molestia
699 1376 743 1442 et
765 1352 1096 1474 perturbatione
1119 1352 1253 1441 totius
1277 1357 1547 1442 Conventus.
1585 1358 1633 1441 ln
1658 1374 1815 1473 quarto

390 1534 564 1624 quoque
588 1534 720 1618 anno,
740 1533 887 1591 mense
904 1504 1036 1618 Junii,
1061 1504 1142 1593 alia
1164 1503 1445 1594 incarceratio
1466 1504 1616 1593 decem
1640 1503 1815 1593 insimul
1844 1531 2104 1658 poupgbqqshpp·

393 1658 608 1767 Fratrum,
637 1676 687 1742 ut
716 1650 829 1741 infra
859 1652 1026 1772 patebit
1051 1667 1096 1742 ¹:
1136 1654 1182 1742 in
1212 1685 1301 1774 quo
1334 1652 1465 1741 etiam
1498 1684 1667 1769 mense,
1697 1684 1815 1742 anno

389 1804 590 1917 secundn,
618 1833 761 1923 passus
784 1824 850 1891 est
874 1825 1043 1893 sanctus
1069 1810 1195 1892 Pater
1222 1803 1413 1892 Vicarius
1440 1835 1540 1893 cum
1567 1803 1651 1893 suis
1674 1802 1810 1893 sociis.

392 1959 435 2045 Et
486 1954 857 2074 quemadmodum
902 1954 1062 2074 legitur
1105 1985 1258 2043 omnes
1304 1953 1626 2074 persecutiones
1671 1952 1814 2043 Sancti

390 2104 566 2193 Thomae
589 2102 913 2193 Cantuariensis
938 2104 1126 2224 episcopi
1148 2103 1264 2193 feriis
1289 2103 1426 2194 tertiis
1450 2102 1663 2217 accidisse,
1684 2103 1744 2191 ita
1770 2124 1815 2191 et

390 2252 666 2342 incarceratio
702 2275 747 2341 et
775 2253 1058 2374 interemptio
1087 2254 1220 2344 sancti
1252 2253 1386 2342 Patris
1411 2252 1562 2342 nostri.
1596 2253 1814 2342 Passiones

389 2401 561 2523 insuper
589 2401 828 2492 Reverendi
855 2403 989 2492 Patris
1012 2403 1146 2492 sancti
1168 2403 1346 2493 loannis
1368 2402 1555 2524 episcopi
1587 2401 1809 2516 Roffensis,

389 2575 430 2641 et
443 2550 559 2641 beati
575 2550 742 2640 domini
753 2552 932 2641 Thomae
944 2552 1072 2667 Mori,
1090 2575 1302 2642 exsecutae
1319 2551 1498 2643 fuerunt
1515 2552 1631 2643 feriis
1648 2551 1808 2642 tertiis:

391 2707 514 2791 Pater
544 2723 693 2790 noster
727 2732 826 2791 cum
861 2700 959 2816 suis,
1001 2725 1050 2791 ut
1090 2724 1230 2823 patet;
1266 2702 1494 2823 Episcopus
1532 2701 1739 2791 Roffensis
1771 2707 1813 2790 X

390 2852 597 2942 Calendas
631 2850 746 2965 Julii,
781 2881 898 2939 anno
933 2851 1109 2941 Domini
1144 2879 1275 2975 15353
1310 2874 1355 2941 et
1388 2852 1589 2942 dominus
1625 2854 1813 2941 Thomas

389 3006 532 3091 Morus
555 3023 680 3090 sexto
706 3001 775 3090 die
797 3001 897 3091 Julii
920 3002 1076 3090 eodem
1101 3032 1234 3116 ann0,
1263 3001 1479 3122 perempti
1502 3023 1616 3091 sunt.
1653 3002 1736 3090 Sed
1758 3001 1814 3090 ad

388 3181 478 3241 rem
499 3173 785 3241 revertamur.

447 3301 613 3390 Nostris
643 3314 859 3421 quatuor²
892 3300 952 3388 ita
990 3300 1137 3423 ejectis
1176 3322 1221 3388 et
1260 3298 1472 3420 dispersis,
1508 3298 1812 3419 cogitaverunt

387 3449 625 3541 Consiliarii
657 3449 967 3570 cogitationem
1012 3449 1256 3570 pessimam,
1292 3470 1342 3538 ut
1380 3446 1595 3538 inferrent
1632 3479 1811 3537 manum

385 3631 511 3721 super
534 3631 608 3689 eos
631 3600 706 3721 qui
732 3599 889 3688 deserti
917 3598 1110 3713 fuerunt,
1135 3599 1255 3720 quasi
1279 3596 1458 3688 fuissent
1480 3599 1642 3719 absque
1664 3628 1808 3711 muro,

385 3751 573 3842 vectibus
599 3772 645 3838 et
667 3749 819 3871 portis.
849 3755 897 3839 Et
913 3772 1131 3840 venerunt
1147 3781 1247 3839 cum
1266 3748 1463 3837 inhiante
1489 3779 1567 3838 ore
1588 3777 1741 3868 rapere
1767 3769 1812 3836 et

385 3898 630 4021 dispergere
654 3929 850 4019 gregem,
871 3899 944 3987 sed
969 3896 1220 3988 benedictus
1245 3902 1360 3986 Deus
1383 3897 1459 4017 qui
1488 3928 1578 3986 non
1595 3896 1714 3986 dedit
1737 3927 1812 3987 eos

384 4048 428 4139 in
451 4049 700 4170 captionem
725 4048 928 4139 dentibus
953 4078 1140 4137 eorum:
1171 4069 1424 4136 manserunt
1449 4046 1708 4161 immobiles,
1734 4046 1811 4135 fir·
1869 4067 1917 4118 1³⁸·
1935 4080 2025 4129 cuns
2040 4065 2066 4118 ⁶·

385 4198 487 4290 mati
510 4229 640 4320 supra
662 4221 847 4319 petram.
875 4203 997 4287 Tunc
1024 4197 1235 4286 miserunt
1257 4219 1357 4286 octo
1382 4196 1556 4285 illorum
1581 4198 1634 4286 ad
1656 4226 1810 4316 quam-

384 4349 482 4441 dam
522 4350 705 4438 domum
745 4346 924 4438 Ordinis
970 4353 1135 4437 Sanctae
1176 4347 1369 4468 Brigittae
1407 4368 1605 4435 vocatam
1646 4345 1751 4436 Sion
1773 4341 1808 4460 ³,

385 4498 613 4589 distantem
638 4529 663 4588 a
687 4497 858 4589 civitate
892 4519 1059 4618 septem
1086 4497 1353 4610 milliaribus,
1379 4519 1429 4586 ut
1453 4498 1507 4586 ab
1529 4494 1811 4586 inhabitanti-

385 4647 463 4738 bus
485 4648 531 4738 in
553 4680 604 4737 ea
628 4646 993 4770 persuaderentur
1019 4647 1264 4737 consentire
1293 4647 1413 4768 Regi.
1445 4651 1574 4735 Erant
1603 4644 1720 4734 enim
1752 4643 1812 4735 ibi

389 4796 507 4886 multi
529 4797 608 4887 viri
631 4795 783 4886 famosi
806 4820 851 4886 et
876 4797 1063 4918 religiosi
1089 4820 1207 4886 certe
1224 4809 1255 4910 4,
1286 4819 1331 4884 et
1353 4796 1422 4886 isti
1448 4794 1733 4887 frenaverunt
1764 4826 1812 4885 ac

1746 4950 1777 5006 15
