4740 6414
1201 647 1415 752 ..54-

598 861 797 951 vivorum
813 881 857 949 et
875 881 1166 973 mortuorum,
1181 859 1440 974 custodes3a
1458 860 1584 949 laude
1594 861 1817 952 laudabilis
1827 861 2034 953 Nominis

599 1009 662 1101 sui
687 1032 780 1099 tota
803 1008 873 1099 die
896 1031 941 1099 et
966 1030 1095 1099 nocte
1123 1009 1170 1098 in
1192 1033 1456 1132 perpetuum
1481 1041 1575 1101 non
1596 1011 1797 1102 tacituri:
1823 1013 1941 1104 idem
1964 1037 2037 1105 est

598 1159 724 1250 nobis
747 1159 934 1249 officium
965 1190 1063 1248 cum
1096 1159 1250 1248 sanctis
1278 1159 1453 1279 Angelis
1483 1160 1558 1280 qui
1588 1161 1862 1282 praeveniunt
1880 1194 1961 1252 nos
1983 1194 2035 1254 ac

597 1309 800 1399 omnibus
820 1307 1098 1431 psallentibus
1124 1313 1470 1432 conjunguntur,
1499 1333 1543 1398 et
1569 1310 1873 1401 desistentibus
1902 1313 2034 1404 nobis

596 1458 855 1549 continuant
871 1456 931 1546 illi
948 1457 1094 1546 laudes
1104 1489 1213 1547 suas
1239 1458 1454 1548 Faciamus
1480 1488 1587 1578 ergo
1611 1482 1657 1549 et
1682 1491 1777 1574 nos,
1798 1493 1898 1552 cum
1922 1463 2033 1554 tales

595 1608 732 1698 socios
754 1609 1001 1717 habeamus,
1020 1629 1233 1727 quantum
1251 1605 1457 1727 fragilitas
1479 1630 1628 1698 nostra
1649 1610 1879 1730 permittit,
1907 1613 2031 1733 quod

595 1780 640 1847 et
673 1779 886 1878 quantum
926 1756 1011 1870 i11i;
1049 1756 1200 1846 melius
1239 1787 1330 1844 non
1376 1787 1598 1877 possemus
1645 1758 1846 1879 occupari
1894 1791 2030 1880 quam

595 1938 694 1997 cum
721 1913 829 2020 Deo,
858 1907 1025 1994 nullum
1057 1905 1312 1994 exercitium
1338 1905 1398 1994 illi
1425 1905 1588 2025 gratius
1623 1929 1668 1996 et
1702 1907 1828 1997 nobis
1861 1909 2026 2000 utilius.

352 2091 502 2140 ratenus
533 2092 567 2140 aa
596 2056 717 2165 Quid
740 2087 869 2176 agere
894 2086 1118 2175 possumus
1145 2056 1430 2146 existentibus
1456 2056 1583 2147 nobis
1613 2057 1660 2147 in
1695 2058 1810 2148 cellis
1836 2060 2032 2150 nostris?

307 2151 462 2217 Religiosos
472 2163 502 2202 ut
513 2154 568 2203 ala·

305 2213 566 2327 {fjggtdl'affgssbffij
594 2205 774 2295 fortasse
796 2236 928 2294 omne
955 2227 1126 2325 tempus
1152 2204 1207 2294 ab
1231 2205 1434 2295 omnibus
1450 2207 1608 2296 devote
1631 2237 1723 2296 non
1744 2209 2027 2328 expenditur.

596 2362 879 2475 Quapropter
909 2384 1000 2441 non
1040 2353 1187 2474 pigeat
1216 2384 1295 2442 nos
1326 2353 1396 2443 hic
1428 2354 1703 2444 commorari.
1741 2355 1782 2445 Si
1818 2386 1913 2470 nos,
1952 2355 2030 2476 qui

595 2504 776 2595 vivimus
808 2504 862 2592 de
897 2501 1162 2622 patrimonio
1195 2502 1357 2592 Christi
1388 2527 1433 2592 et
1472 2503 1773 2625 eleemosynis,
1815 2536 1864 2594 ac
1904 2504 2031 2594 valde

595 2654 740 2745 stricte
762 2683 842 2773 pro
869 2653 1071 2742 omnibus
1102 2682 1228 2740 orare
1258 2684 1404 2743 sumus
1427 2653 1623 2775 obligati,
1651 2652 1954 2744 festinaremus
1983 2653 2031 2743 in

598 2804 676 2895 Dei
694 2801 869 2892 servitio
893 2824 967 2891 aut
983 2800 1226 2890 occasiones
1253 2802 1497 2891 discedendi
1521 2803 1576 2892 ab
1602 2802 1778 2892 ecclesia
1803 2803 2030 2893 simulare-

596 2985 706 3067 mus,
738 2950 1032 3040 existimantes
1058 2951 1276 3040 modicum
1299 2974 1343 3040 et
1367 2952 1497 3040 breve
1530 2975 1717 3073 tempus,
1747 2983 1837 3072 quo
1859 2951 1931 3041 hic
1957 2983 2030 3043 su-

595 3132 705 3214 mus,
733 3100 860 3190 nimis
891 3102 1098 3220 longum3
1131 3123 1249 3189 certe
1282 3099 1425 3188 nescio
1459 3101 1684 3220 quomodo
1723 3131 2033 3191 excusaremus

594 3280 674 3339 nos
697 3251 751 3340 ab
777 3249 935 3374 injusta
960 3249 1226 3371 receptione,
1256 3247 1504 3338 retentione
1539 3272 1584 3339 et
1614 3252 1726 3338 mala
1756 3250 2031 3371 expensione

594 3402 970 3521 eleemosynarum
998 3397 1329 3488 Benefactorum
1355 3421 1399 3486 et
1427 3399 1723 3489 Fundatorum
1753 3423 2024 3491 nostrorum.

594 3554 720 3655 Quot
742 3572 933 3638 vestrum
957 3569 1163 3667 aggravat
1191 3543 1399 3636 fabulatio
1424 3579 1523 3638 cum
1546 3548 1834 3665 saecularibus,
1872 3573 1951 3640 aut
1976 3551 2030 3640 de

594 3697 712 3786 vanis
735 3720 779 3786 et
801 3696 1025 3786 inutilibus
1049 3696 1194 3809 rebus,
1216 3696 1346 3785 etiam
1370 3696 1402 3785 si
1425 3718 1568 3786 totum
1587 3698 1703 3787 diem
1720 3699 1767 3788 in
1783 3698 1850 3789 his
1866 3730 2027 3821 expen-

594 3845 785 3935 deretis?
810 3848 903 3959 Vel,
925 3844 1132 3966 quamdiu
1155 3844 1201 3933 in
1225 3844 1380 3936 talibus
1405 3847 1737 3967 perseveraretis
1759 3849 1923 3969 absque
1950 3849 2026 3938 ali·

595 4027 683 4116 quo
719 3995 863 4110 taedio,
893 3994 1140 4085 lassitudine
1173 4026 1248 4084 seu
1282 3995 1567 4114 gravamine?
1606 4001 1724 4086 Num
1765 3997 1819 4086 de
1852 3998 1952 4088 cibo
1984 4021 2027 4088 et

594 4168 702 4268 potu
727 4169 772 4234 et
788 4176 943 4234 somno
961 4144 1154 4234 reticebo
1170 4144 1391 4251 ?Quando
1408 4144 1454 4233 in
1476 4145 1541 4234 his
1557 4145 1706 4235 dicetis
1725 4179 1733 4235 :
1754 4145 1935 4262 sufficit;
1953 4170 2028 4238 aut

594 4317 766 4417 tempus
804 4294 930 4384 nimis
970 4298 1153 4414 longum
1193 4314 1272 4407 est,
1307 4290 1563 4384 festinemus
1596 4294 1683 4385 sive
1716 4295 2028 4417 perficiamus?

596 4446 728 4536 Divus
769 4447 1012 4534 Bernardus
1044 4475 1176 4533 omne
1211 4467 1382 4566 tempus
1411 4446 1675 4536 existimavit
1706 4447 1929 4567 perditum
1961 4445 2027 4536 vel

594 4597 745 4685 saltem
781 4593 907 4685 nimis
938 4596 1133 4714 longum,
1169 4618 1572 4716 quantumcumque
1605 4596 1753 4711 breve,
1795 4627 1885 4717 quo
1927 4625 2027 4686 caro

594 4775 669 4834 sua
694 4743 849 4834 talibus
874 4741 1188 4832 refocillaretur
1213 4744 1472 4835 necessariis.
1501 4745 1621 4835 Alius
1652 4777 1830 4867 quoque
1863 4745 2025 4867 Spiritu
