4740 6414
1236 661 1454 744 ..55-

632 871 764 988 diem,
782 894 967 993 excepto
981 895 1181 994 tempore
1197 872 1485 963 conveniendi
1502 872 1549 962 in
1571 903 1710 963 unum
1732 894 1778 962 et
1796 872 2064 991 discedendi,

631 1022 860 1114 videbatur
882 1024 1116 1112 claustrum
1138 1023 1459 1144 propemodum
1485 1022 1606 1144 quasi
1633 1024 1775 1114 nullus
1803 1023 1913 1114 inibi
1936 1023 2065 1115 habi·

631 1194 775 1287 tasset‚
800 1170 880 1262 nisi
908 1170 1039 1291 aliqui
1065 1173 1285 1262 saeculares
1308 1173 1585 1292 colloquendi
1611 1172 1751 1294 gratia
1776 1170 1963 1264 fortuitu
1989 1205 2064 1264 su·

630 1321 940 1443 pervenissent.
972 1326 1022 1411 ln
1047 1320 1139 1411 visu
1168 1350 1340 1442 semper
1370 1344 1415 1411 et
1444 1321 1609 1443 ubique
1640 1354 1809 1414 summe
1836 1322 2061 1439 custoditi,

630 1471 887 1592 cuicumque
918 1471 1163 1562 obviassent
1185 1469 1232 1558 in
1255 1473 1453 1582 claustro,
1480 1472 1706 1563 hominem
1739 1504 1965 1594 nunquam
1994 1504 2065 1564 as-

631 1622 861 1745 piciebant,
888 1622 961 1712 sed
993 1619 1248 1711 inclinantes
1282 1653 1327 1710 se
1357 1621 1417 1712 illi
1444 1622 1701 1738 transibant,
1735 1656 1816 1716 nec
1848 1621 1984 1713 etiam
2002 1623 2064 1714 ,in

630 1770 818 1861 ecclesia.
841 1769 1127 1889 Invigilabant
1151 1792 1297 1859 autem
1321 1770 1498 1891 puritati
1521 1771 1660 1862 cordis
1684 1772 1954 1894 internaeque
1983 1775 2060 1864 de-

629 1919 811 2034 votioni,
832 1951 930 2040 quae
961 1949 1041 2040 per
1065 1919 1170 2008 tales
1200 1919 1449 2011 insolentias
1482 1923 1756 2043 repelluntur
1783 1944 1860 2013 aut
1888 1954 2061 2045 praepe-

629 2070 832 2183 diuntur3
858 2070 1057 2190 lacrymae
1080 2069 1127 2159 in
1150 2069 1284 2159 oculis
1313 2072 1553 2162 multorum
1582 2071 1834 2192 frequentes
1861 2097 1989 2163 erant
2015 2097 2066 2165 et

627 2251 740 2342 pene
781 2218 956 2309 assiduae
998 2249 1097 2308 curn
1143 2219 1399 2338 quibusdam
1438 2252 1609 2336 eorum,
1651 2244 1834 2343 propter
1870 2253 2061 2343 quarum

626 2368 973 2482 inundationem,
1002 2367 1223 2458 multoties
1245 2400 1336 2458 non
1361 2392 1602 2491 potuerunt
1633 2370 1680 2460 in
1711 2368 1943 2461 refectorio
1978 2404 2061 2464 nec

626 2518 671 2609 in
697 2518 871 2608 ecclesia
893 2517 1100 2607 lectiones
1130 2519 1276 2638 legere
1313 2542 1388 2608 aut
1418 2542 1595 2610 cantum
1623 2523 1895 2641 persolvere;
1923 2522 2059 2613 etiam

625 2668 871 2788 aliquorum
896 2666 1008 2757 oculi
1034 2663 1287 2757 defecerunt
1317 2698 1405 2789 prae
1430 2669 1638 2789 lacrymis.
1671 2675 1815 2760 Inerat
1840 2670 1958 2760 inter
1983 2704 2060 2764 eos

626 2818 696 2939 pia
724 2816 894 2926 invidia,
920 2847 1011 2905 non
1036 2817 1130 2936 quis
1158 2847 1312 2907 eorum
1339 2842 1448 2908 esset
1475 2818 1666 2910 Vicarius
1691 2843 1766 2909 aut
1794 2826 2061 2912 Procurator

625 2968 725 3090 (hoc
757 2965 1090 3057 committebant
1118 2966 1232 3056 Patri
1261 2967 1430 3088 Priori),
1463 2999 1543 3057 nec
1573 2968 1758 3058 invicem
1792 2971 2059 3062 mordebant

625 3117 719 3239 quis
743 3117 917 3207 illorum
941 3138 1052 3206 esset
1077 3120 1217 3238 major
1238 3116 1285 3206 in
1301 3147 1446 3237 regno
1464 3117 1673 3207 coelorum
1690 3119 1789 3240 (hoc
1810 3123 1904 3208 Deo
1921 3119 2060 3208 relin-

624 3266 846 3388 quebant),
872 3267 946 3355 sed
973 3265 1067 3385 quis
1096 3265 1270 3355 illorum
1296 3266 1473 3387 propius
1495 3265 1731 3386 attingeret
1758 3297 1907 3357 veram
1934 3299 2056 3358 mor·

624 3416 923 3530 tilicationem‚
955 3414 1110 3505 fortius
1142 3416 1380 3535 abnegaret
1408 3415 1610 3536 seipsum,
1641 3417 1846 3507 humilius
1871 3417 2056 3508 sentiret

624 3568 678 3657 de
695 3566 848 3687 seipso,
869 3565 1073 3655 sincerius
1094 3566 1275 3655 serviret
1302 3570 1411 3679 De0‚
1439 3563 1675 3656 ferventius
1700 3589 1866 3656 amaret
1890 3573 2051 3682 Deum,

624 3715 809 3805 strictius
825 3737 1016 3804 servaret
1032 3714 1267 3830 silentium,
1287 3714 1452 3804 cautius
1474 3715 1710 3806 custodiret
1727 3718 1894 3832 cellam,
1914 3717 2053 3807 rarius

624 3867 829 3956 clamaret
854 3866 997 3985 culpas
1022 3865 1069 3953 in
1094 3865 1312 3986 Capitulo‚
1343 3864 1507 3985 primus
1536 3865 1705 3955 veniret
1729 3867 1784 3955 ad
1808 3867 2049 3982 ecclesiam,

624 4013 826 4106 libentius
848 4046 896 4104 ac
913 4014 1073 4105 diutius
1104 4014 1164 4106 ibi
1196 4037 1463 4129 moraretur3
1493 4015 1588 4136 quis
1617 4015 1818 4106 virtuosis
1845 4016 2053 4138 operibus

623 4164 894 4255 affectuosius
926 4163 1174 4278 inhaereret,
1209 4194 1257 4252 ac
1282 4163 1417 4284 magis
1443 4188 1777 4285 supererogaret
1806 4165 1975 4282 debito,
2008 4188 2054 4255 et

622 4314 717 4436 quis
743 4313 896 4404 melius
922 4314 1172 4403 observaret
1198 4318 1367 4403 Statuta
1395 4336 1441 4403 et
1471 4314 1747 4406 caeremonias
1777 4315 1971 4406 Ordinis.
2006 4321 2053 4406 Et

622 4465 705 4554 hoc
729 4464 879 4585 gratiae
898 4464 978 4554 Dei
1001 4494 1048 4554 ac
1070 4494 1156 4553 suae
1172 4462 1392 4553 industriae
1414 4493 1493 4584 per
1508 4469 1655 4554 Jesum
1673 4463 1898 4556 Christum
1926 4463 2051 4555 attri-

621 4615 835 4729 buebant;
863 4644 944 4734 pro
962 4613 1118 4733 quibus
1139 4612 1411 4733 perficiendis
1428 4611 1498 4701 die
1521 4643 1570 4703 ac
1592 4636 1720 4703 nocte
1745 4612 2050 4735 invigilabant,

621 4786 666 4852 et
689 4764 798 4852 alter
821 4765 1006 4853 alterum
1028 4763 1083 4852 ad
1105 4763 1195 4852 haec
1210 4760 1281 4883 pie
1298 4762 1524 4852 animabat.
1541 4786 1587 4852 et
1610 4763 1862 4886 adjuvabatss
