4740 6414
751 1600 1284 1711 moe-Reuersus
1323 1606 1626 1718 moroso

1082 1817 1122 1888 S.
1151 1817 1199 1889 P.
1229 1818 1280 1891 D.

510 2277 679 2340 Novorum
701 2287 823 2339 nostrae
842 2279 953 2340 aetatis
966 2279 1159 2360 Martyrum
1180 2279 1390 2360 quorumdam
1405 2279 1504 2340 vitam
1519 2277 1690 2359 sanctam}
1700 2288 1897 2361 mortemque

468 2382 647 2462 pretiosam
669 2402 709 2444 ac
722 2383 972 2458 memorabilem,
988 2385 1147 2466 bucusque
1160 2403 1239 2466 pene
1259 2385 1317 2446 sub
1337 2384 1443 2447 modio
1464 2385 1656 2455 latitantem,
1672 2384 1734 2445 liae
1746 2383 1788 2445 ale
1802 2404 1898 2446 causa

470 2505 568 2568 super
591 2487 820 2549 candelabrum
838 2507 962 2569 ponere
982 2489 1082 2551 visum
1097 2498 1155 2563 est,
1173 2499 1208 2550 ut
1224 2489 1369 2551 omnibus
1392 2490 1449 2571 qui
1472 2489 1505 2550 in
1528 2488 1623 2551 domo
1647 2490 1709 2550 Dei
1730 2498 1815 2565 sunt,
1834 2499 1897 2551 tam

472 2591 613 2673 insignis
633 2611 674 2653 ac
689 2592 859 2673 splendida
874 2611 961 2655 verae
975 2593 1188 2675 Evangelicae
1209 2593 1288 2668 fidei
1306 2595 1439 2655 lucerna
1461 2612 1520 2655 suo
1534 2594 1678 2675 fulgore
1699 2597 1898 2675 praeluceat‚·

470 2714 570 2778 neque
583 2697 808 2778 ignorantibus
821 2698 916 2760 modo
930 2699 1081 2760 veritatis
1095 2707 1250 2760 monstret
1266 2699 1361 2775 viam,
1374 2697 1432 2758 sed
1447 2699 1544 2759 etiam
1561 2698 1765 2781 torpentibus
1778 2699 1897 2761 divina

470 2802 654 2880 charitatis,
667 2821 740 2884 quae
752 2822 879 2884 semper
887 2823 1005 2885 magna
1018 2814 1174 2885 operatur
1181 2804 1281 2883 (teste
1292 2803 1457 2886 Gregorio
1467 2804 1605 2885 Magno)
1618 2814 1650 2865 et
1663 2804 1803 2886 sinequa
1814 2804 1898 2882 fides

469 2916 669 2984 mortuaest,
685 2909 849 2970 stimulum
874 2920 906 2971 et
919 2911 1091 2990 fervorem
1107 2909 1219 2988 addat,
1243 2910 1292 2970 uti
1305 2929 1325 2970 a
1348 2927 1457 2970 somno
1472 2909 1608 2971 desidiae
1622 2929 1662 2970 ac
1682 2910 1896 2991 negligentia

470 3014 618 3090 excitati,
635 3013 795 3096 abjiciant
811 3033 912 3096 opera
934 3017 1139 3077 tenebrarum
1158 3025 1190 3077 et
1211 3015 1389 3077 induantur
1403 3033 1493 3075 arma
1510 3014 1609 3090 lucis,·
1631 3014 1714 3094 lapsi
1736 3013 1812 3074 item
1825 3012 1897 3094 jam

469 3130 657 3201 resurgant,
674 3120 866 3182 vacillantes
886 3121 1127 3196 confirmentur,
1145 3130 1176 3182 et
1196 3139 1303 3182 omnes
1316 3120 1500 3200 deniquelin
1516 3118 1583 3198 fide
1605 3117 1798 3180 Ortbodoxa
1813 3120 1896 3181 San-

469 3234 532 3286 ctae
544 3225 670 3286 Matris
683 3225 844 3288 Ecclesia
859 3226 1049 3300 Catholicae,
1066 3236 1165 3287 extra
1179 3245 1273 3308 quam
1283 3226 1402 3287 nemini
1415 3225 1550 3286 dabitur
1558 3227 1658 3298 salus,
1662 3224 1812 3304 fortiter
1820 3242 1896 3305 per-

468 3339 623 3393 sererent.
644 3331 738 3406 Quod
751 3332 878 3413 quidem
893 3340 981 3392 reete
990 3340 1157 3412 poterunt,
1173 3331 1204 3392 si
1218 3330 1412 3412 Martyrum
1423 3330 1568 3402 istorum,
1585 3337 1617 3389 et
1631 3328 1708 3390 oitae
1720 3328 1894 3389 sanctimo-

468 3435 554 3498 niam
573 3445 606 3498 et
616 3436 697 3515 fidei
717 3437 930 3499 constantiam
953 3436 997 3497 ad
1019 3445 1154 3497 mortem
1179 3453 1277 3517 usque
1303 3434 1492 3495 imitandam
1515 3433 1726 3514 susceperint,
1737 3451 1895 3496 memores

470 3541 560 3602 illius
574 3540 656 3602 dicti
670 3541 866 3622 Evangelici
886 3561 896 3601 :
921 3540 1008 3602 Beati
1033 3540 1091 3621 qui
1118 3539 1372 3622 persecutionem
1397 3538 1565 3620 potiuntur
1580 3553 1710 3619 propter
1725 3537 1892 3618 justitiam,

469 3645 627 3727 quoniam
639 3645 785 3727 ipsorum
803 3662 847 3709 est
863 3665 1000 3728 regnum
1014 3647 1191 3722 coelorum3
1208 3654 1241 3707 et
1256 3665 1263 3706 :
1278 3644 1344 3720 Qui
1360 3643 1606 3726 perseveraverit
1618 3642 1771 3723 usquead
1782 3641 1891 3716 finem,

469 3750 521 3812 hic
534 3751 642 3813 solvus
656 3751 726 3814 erit.
