4740 6414
1240 705 1479 764 -xxn-

356 906 622 1024 tuffiggaeippntpss
648 886 780 970 tiente
821 889 972 973 eadem
1003 889 1167 996 Regina
1195 917 1366 973 necnon
1393 902 1436 973 et
1465 886 1698 972 Cardinale
1732 886 1859 986 Pole,
1895 885 2080 969 reduces

355 1033 384 1085 ¹¹¹
400 1033 501 1086 Shoen·
649 1017 917 1121 Cartusiani‚
939 1049 1037 1105 cum
1058 1024 1206 1106 multis
1225 1022 1299 1129 qui
1325 1023 1370 1105 in
1393 1021 1551 1127 Anglia
1574 1033 1884 1119 remanserant,
1903 1044 1950 1100 se
1972 1043 2079 1099 con-

648 1151 841 1234 tulerunt
855 1154 899 1234 in
916 1151 1108 1237 Domum
1129 1153 1271 1237 Sheen
1285 1154 1313 1255 ¹,
1326 1169 1367 1236 et
1384 1155 1465 1237 sub
1484 1151 1631 1236 Priore
1645 1149 1848 1234 Mauritio
1862 1147 2079 1255 Chauncy

650 1284 935 1367 monasticam
961 1286 1281 1368 observantiam
1305 1286 1667 1368 instauraverunt.
1691 1280 1791 1364 Non
1810 1294 1958 1364 autem
1982 1279 2078 1363 lon·

371 1445 620 1522 ‚sumusnost-
650 1439 754 1519 gum
776 1416 913 1497 otium
936 1417 1019 1498 illis
1044 1444 1320 1518 concessum3
1343 1417 1500 1501 iterum
1520 1417 1635 1499 enim
1657 1414 1701 1496 in
1721 1413 1918 1497 exsilium
1944 1411 2077 1518 pulsi,

357 1508 554 1574 nummum
650 1548 836 1652 regressi
868 1549 1041 1629 suntin
1072 1546 1284 1655 Belgium,
1316 1565 1358 1631 et
1391 1575 1470 1654 pro
1503 1548 1687 1630 recentis
1711 1545 1886 1651 hospitii
1911 1545 2006 1650 jure
2032 1543 2079 1626 in

651 1675 843 1761 Domum
874 1677 1143 1785 Brugensem
1165 1696 1449 1765 recesserunt.

705 1932 930 2040 Regularis
946 1934 1185 2039 disciplinae
1205 1949 1247 2016 et
1263 1935 1345 2039 piae
1361 1933 1702 2018 conversationis
1718 1958 1849 2039 quam
1868 1931 1914 2014 in
1932 1928 2080 2014 Domo

652 2063 928 2149 londiniensi
961 2082 1139 2148 noverat
1168 2092 1355 2168 memor,
1386 2065 1593 2172 Beatique
1621 2064 1802 2149 Joannis
1834 2061 2080 2170 Houghton

651 2198 894 2297 aemulator,
912 2198 972 2279 ita
1001 2225 1046 2279 se
1075 2198 1209 2304 gessit
1238 2196 1467 2282 Mauritius
1487 2212 1550 2298 ut,
1566 2197 1738 2280 biennio
1760 2208 1874 2302 post,
1895 2220 1923 2276 a
1943 2191 2080 2300 Capi·

651 2329 743 2411 tulo
763 2328 983 2430 Generali,
1001 2330 1338 2412 assentientibus
1369 2330 1588 2430 omnibus,
1605 2328 1737 2411 Vallis
1762 2326 1927 2410 Gratiae
1955 2324 2082 2409 Prior

652 2461 924 2543 renuntiatus
958 2460 1099 2543 fuerit.
1134 2461 1289 2562 Quum
1317 2490 1419 2545 vero
1450 2474 1659 2544 cresceret
1691 2485 1898 2542 numerus
1927 2483 2080 2540 mona·

653 2593 850 2692 chorum,
869 2607 1062 2698 potestas
1085 2593 1144 2674 illi
1166 2593 1276 2674 lacta
1301 2606 1366 2676 est
1387 2591 1573 2697 eligendi
1595 2591 1737 2673 locum
1761 2589 1835 2671 ubi
1862 2616 1962 2673 cum
1983 2614 2080 2671 con·

652 2723 817 2806 civibus
847 2725 937 2806 suis
962 2726 1094 2808 vitam
1126 2752 1324 2807 seorsum
1344 2737 1504 2830 ageret.
1528 2725 1715 2804 Domum
1746 2721 1878 2826 igitur
1900 2720 1945 2802 in
1972 2720 2081 2803 urbe

652 2857 932 2962 comparavit,
955 2857 1022 2938 cui
1043 2855 1182 2939 Sheen
1201 2857 1458 2961 Anglorum
1482 2844 1643 2937 n'omen
1667 2852 1889 2960 imposuit.

705 3109 968 3213 Adspirante
996 3106 1075 3191 Dei
1104 3110 1256 3215 gratia,
1276 3108 1479 3214 Religiosi
1505 3108 1737 3213 perfectam
1757 3104 1927 3189 vivendi
1948 3103 2082 3187 ratio-

653 3266 753 3323 nem
780 3267 805 3321 a
828 3254 950 3324 tanto
979 3240 1188 3345 magistro
1212 3241 1367 3339 edocti,
1390 3240 1663 3322 invaluerunt
1683 3239 1768 3321 fide
1789 3238 2083 3343 omnibusque

653 3372 900 3471 virtutibus,
922 3373 977 3454 ad
998 3399 1151 3455 omnes
1182 3373 1368 3454 fortunae
1392 3372 1710 3454 vicissitudines
1737 3396 1832 3453 sese
1857 3383 2082 3475 parantes;

653 3517 773 3585 tanta
798 3520 889 3585 erat
909 3519 1158 3608 temporum
1179 3504 1408 3609 iniquitas!
1431 3502 1560 3584 Haud
1577 3501 1726 3584 fefellit
1747 3515 1920 3583 sanctos
1940 3498 2083 3582 homi·

390 3667 626 3744 varnpaoturas
655 3660 731 3716 nes
752 3648 951 3733 eventus3
979 3661 1095 3735 nam,
1113 3662 1228 3717 anno
1250 3635 1365 3742 1578,
1391 3661 1442 3716 eo
1463 3634 1654 3716 audaciae
1679 3645 1972 3739 proruperunt
1995 3631 2084 3713 hae-

363 3729 506 3782 mm
655 3767 788 3865 retici,
816 3780 863 3848 ut
893 3780 1060 3847 vastata
1093 3768 1286 3872 regione,
1315 3766 1579 3848 monasteria
1615 3766 1810 3848 funditus
1839 3764 2085 3848 everterint.

655 3896 706 3979 Vi
736 3898 901 4002 expulsi
936 3896 988 3980 D.
1014 3895 1242 3980 Mauritius
1274 3914 1316 3980 et
1345 3898 1449 3980 socii
1481 3897 1771 4002 confugerunt
1801 3897 1844 3978 in
1876 3894 2083 3995 Galliam,

655 4044 849 4135 egentes,
871 4029 1225 4135 angustiati,quo
1251 4057 1296 4112 se
1318 4030 1558 4135 reciperent
1583 4044 1829 4135 quaerentes
1860 4054 1939 4110 nec
1965 4027 2086 4109 inve-

656 4163 837 4244 nientes.
872 4160 1071 4244 lovanii²
1091 4163 1265 4245 tandem
1294 4160 1610 4245 constiterunt³
1631 4161 1675 4242 in
1696 4186 1866 4243 summa
1886 4159 2085 4243 omnium

655 4321 802 4377 rerum
830 4293 986 4401 inopia.

706 4424 817 4508 Tum
835 4427 979 4508 bonus
1002 4423 1125 4508 Prior
1146 4426 1190 4507 in
1218 4424 1474 4530 Hispaniam
1494 4424 1716 4506 contendit
1738 4423 1897 4529 Regem
1927 4422 2088 4528 implo-

699 4598 708 4643 ¹
724 4600 802 4668 Haec
813 4602 941 4668 Domus
962 4599 1091 4669 fundata
1110 4599 1214 4669 fuerat
1229 4599 1268 4667 ab
1283 4600 1424 4668 Henrico
1438 4600 1480 4679 V,
1499 4621 1586 4666 anno
1603 4617 1700 4685 1415.

696 4703 868 4773 ²Cartusia
884 4707 1096 4773 Lovaniensis
1110 4729 1183 4804 am.⁴
1179 4725 1259 4791 1491
1278 4704 1407 4774 fundata
1418 4703 1488 4786 fuit,
1506 4723 1538 4773 et
1555 4727 1608 4771 an.
1627 4705 1707 4791 1783
1724 4701 1854 4771 sublata.

696 4809 710 4854 ³
728 4808 837 4893 Dodd,
853 4811 972 4880 Churcb
986 4812 1111 4902 History
1124 4811 1159 4900 of
1170 4811 1324 4899 Englond,
1342 4833 1376 4893 11,
1392 4835 1425 4900 p.
1444 4811 1517 4877 156.
1538 4807 1607 4894 (Ed.
1620 4808 1775 4897 Tiemey,
1791 4809 1885 4895 1839.
1896 4804 2089 4895 Londinii.)
