1481 1781
563 255 664 282 —39-

257 307 346 330 tandem
359 307 386 329 de
398 306 500 329 omnibus
509 314 557 337 quae
569 313 643 337 egerat
655 308 689 330 vel
697 308 765 330 invite
774 313 860 338 pacatos
868 308 968 331 reddidit.

258 344 335 375 Sicque
350 344 373 366 in
388 344 430 366 hoc
443 349 500 366 statu
513 344 639 367 sacerdotali
655 352 695 375 per
708 350 803 375 quatuor
817 353 886 367 annos
898 345 971 368 lauda-

258 382 331 405 biliter
344 382 433 412 degens,
445 386 521 411 postea
533 381 560 403 ad
571 382 684 412 superiora
696 383 770 405 volare
786 382 898 413 aspirabat,
912 390 971 413 quasi

258 426 333 442 cervus
349 417 488 441 matutinus!

290 458 315 479 Et
325 464 384 479 anno
394 456 462 479 aetatis
475 464 518 478 suae
530 456 635 486 vigesimo
646 462 731 486 octavo,
740 457 825 480 aridum
837 457 895 480 hunc
907 465 971 480 mun-

257 494 310 517 dum
329 493 419 516 floridus
431 493 516 524 juvenis
533 494 614 516 calcare
631 494 703 524 coepit.
721 494 788 521 Quod
803 500 828 517 ut
845 495 907 517 citius
922 502 971 517 cum

259 532 353 554 maxima
371 531 485 554 securitate
506 536 528 553 et
548 532 740 554 accumulatissima
755 532 849 554 utilitate
868 532 971 562 perficere

258 574 339 600 posset,
355 569 448 599 quadam
465 574 538 591 sancta
554 568 655 591 aviditate
670 568 824 598 inflammatus,
839 569 971 599 religiosissi-

258 614 319 629 mum
333 612 355 629 et
368 606 515 629 suavissimum
527 607 612 637 jugum,
627 614 651 628 ac
664 606 776 628 lenissimae
790 606 877 629 sarcinae
892 608 972 629 Cartu-

258 644 322 667 sianae
334 643 503 672 observantiam,
514 649 562 665 toto
575 643 645 666 cordis
657 643 735 666 affectu
748 644 843 666 humeris
856 644 898 666 suis
910 652 971 666 man-

258 681 324 704 suetis
335 681 407 703 subire
418 681 536 711 satagebat,
549 680 649 710 flagitans
657 681 681 703 in
689 681 745 703 dicta
758 682 829 703 Domo
834 681 972 704 Salutatiom's

259 718 385 741 beatissima
400 718 481 747 Mariae,
498 725 537 748 per
554 718 645 740 humiles
665 718 812 749 instantesque
830 726 912 749 preces,
930 719 972 742 hoc

258 762 333 779 sancto
345 756 421 779 habitu
432 755 501 778 nostri
513 755 602 778 Ordinis
614 763 636 778 se
648 756 717 778 indui.
728 758 781 783 Quo
797 764 847 779 cum
862 762 911 787 post
923 756 971 779 diu-

259 794 327 816 tinam
340 793 467 816 dilationem
482 793 571 816 indutus
582 792 663 822 fixisset,
676 799 772 816 veterem
787 793 899 816 hominem
913 798 971 816 tota-

259 830 308 854 liter
320 838 411 860 exuens⁷
425 838 475 854 vere
487 830 559 853 induit
574 838 656 853 novum
673 830 786 853 hominem
800 831 837 861 qui
853 831 971 854 secundum

260 870 331 892 Deum
346 874 430 891 creatus
443 874 483 897 est,
493 868 559 890 etiam
574 868 693 890 Dominum
707 869 779 890 Jesum
794 868 913 891 Christum.
928 870 970 891 De-

259 907 325 937 gebat
340 906 399 929 enim
416 906 482 929 vitam
501 906 531 928 ibi
547 913 588 936 per
606 906 683 936 viginti
702 908 781 929 annos'
794 914 901 937 propense
917 905 972 929 emi—

260 950 358 972 nentem,
375 943 399 966 in
415 944 485 966 multa
499 943 633 972 austeritate,
648 943 771 966 humilitate
787 949 810 966 et
822 943 935 974 patientia,
947 951 971 966 ac

259 981 356 1012 perfiecta
370 981 402 1004 sui
412 981 478 1011 ipsius
489 981 671 1009 mortificatione;
685 981 742 1003 cellae
754 986 777 1003 et
788 981 866 1003 silentii
880 981 971 1011 diligen-

260 1019 352 1041 tissimus
371 1019 505 1047 observator,
517 1026 603 1049 semper
616 1019 725 1041 occultans
741 1024 765 1041 et
778 1018 838 1049 quasi
851 1018 874 1041 in
887 1024 973 1041 arctura

260 1056 369 1087 stringens
387 1056 481 1087 gratiam
499 1056 538 1079 sibi
555 1064 678 1079 concessam
696 1064 724 1078 ne
743 1061 867 1085 notaretur;
885 1055 973 1086 cupiens

260 1101 346 1124 semper
358 1093 434 1117 nesciri
443 1100 465 1117 et
478 1094 537 1117 nulla
549 1093 692 1117 aestimatione
703 1093 781 1124 dignus
795 1093 878 1116 haberi.

966 382 970 386 .
1000 372 1007 378 ·
1014 371 1073 384 Ἧάοωῑ
1080 372 1116 384 nnu-

985 387 1018 399 dern
1033 387 1074 399 titulo
1092 386 1116 399 hg-

985 401 1022 415 boeu
1028 402 1080 415 Psalmi
1087 406 1117 415 xxx:

985 417 1018 445 ff:-
1024 421 1064 430 cem
1073 419 1116 430 maru-

1014 468 1053 481 ,ιηω
1071 468 1116 485 151⁵,

987 483 1057 500 aynan»
1062 484 1116 497 Ρι-εοη.
