4776 6390
780 726 834 743 ···
860 708 933 765 XIII
960 725 1014 741 ··

197 931 302 1006 tem
335 900 552 1036 vimque
580 896 814 1000 divinam
845 928 1134 1033 agnoscere
1163 913 1427 1014 recusant,
1450 888 1615 992 admi-

197 1068 459 1171 rationem
489 1088 819 1199 extorqueat.

201 1291 208 1299 ·
269 1230 464 1335 ldeone
507 1230 703 1330 instare
749 1226 1032 1329 dicendum
1084 1253 1164 1329 est
1209 1225 1351 1327 illam
1397 1224 1617 1327 summis

197 1399 339 1505 votis
374 1423 677 1536 exoptatam
716 1418 769 1496 et
798 1430 827 1495 a
857 1393 1037 1495 multis
1065 1392 1468 1532 praenuntiatam
1503 1394 1617 1493 An·

199 1565 318 1703 gliae
347 1562 787 1668 conversionem?
815 1558 1043 1662 Multum
1072 1560 1235 1685 abest,
1262 1562 1401 1699 proh
1431 1559 1614 1662 dolor!

201 1760 258 1835 ut
295 1757 408 1833 tota
445 1766 574 1869 gens
620 1728 686 1831 ad
730 1729 922 1833 avitam
975 1727 1137 1829 fidem
1182 1726 1379 1830 redeat.
1421 1724 1617 1830 Infitias

198 1925 374 2000 tamen
403 1898 480 1998 ire
511 1932 668 1997 nemo
694 1921 874 2034 potest
900 1894 1253 2032 plurimorum
1270 1893 1475 1996 animos
1493 1893 1619 1996 affe-

199 2091 422 2201 ctusque
444 2064 497 2164 in
520 2061 708 2163 melius
729 2061 892 2164 fuisse
914 2087 1156 2163 mutatos.
1180 2060 1362 2162 Testes
1383 2061 1617 2199 appella·

199 2266 257 2332 re
286 2230 411 2333 licet
430 2265 567 2367 quos
586 2229 653 2331 de
683 2229 914 2331 tenebris
930 2226 1200 2331 transtulit
1218 2227 1359 2329 Deus
1380 2226 1616 2328 inadmi·
1716 2263 1717 2267 ‘

200 2396 367 2499 rabile
395 2397 575 2499 lumen
603 2433 774 2499 suum.
804 2391 1039 2519 Quantis
1067 2431 1196 2498 vero
1224 2394 1390 2532 pressi
1419 2393 1619 2496 fuerint

200 2562 489 2700 angoribus
510 2588 791 2698 antequam
804 2561 1080 2664 veritatem
1100 2560 1412 2700 agnoverint
1422 2598 1480 2662 ac
1499 2597 1620 2698 pro·

201 2729 325 2832 fessi
355 2729 476 2851 sint,
506 2765 571 2831 ex
599 2728 725 2868 ipsis
756 2728 939 2831 audire
968 2729 1122 2850 licet3
1153 2728 1281 2829 dum
1316 2730 1494 2848 ceteri,
1526 2727 1620 2863 qui

200 2896 266 2998 ab
303 2932 486 2998 errore
522 2897 761 2996 nondum
798 2922 1145 3016 recesserunt,
1177 2895 1497 3034 plerumque
1531 2931 1618 2997 ne·

200 3061 374 3164 sciunt
394 3062 525 3200 quid
544 3062 787 3183 sentiant,
809 3062 941 3199 quid
961 3062 1193 3182 credant,
1218 3099 1337 3164 cum
1363 3060 1619 3200 implicati

200 3228 425 3366 negotiis
457 3228 795 3331 saecularibus
824 3256 876 3330 et
897 3230 1199 3331 domesticis
1229 3230 1370 3332 curis
1390 3228 1617 3371 abrepti,
1733 3204 1736 3211 ¹

196 3395 437 3497 'luctuosa
464 3393 697 3499 veritatis
730 3395 910 3534 inopia
941 3421 1263 3533 torpescunt.

272 3560 488 3683 Verum,
520 3597 587 3664 ne
623 3589 922 3663 commenta
959 3563 1174 3666 finxisse
1207 3563 1505 3688 videamur,
1532 3564 1622 3668 vix

202 3728 417 3830 credere
458 3754 537 3830 est
574 3756 775 3865 quanto
819 3726 1108 3830 afficiantur
1151 3731 1312 3834 animi
1355 3758 1505 3833 motu
1543 3731 1620 3834 illi

206 3893 577 3997 «dissidentes
614 3936 668 4017 »,
705 3895 811 3998 imo
849 3897 932 3999 vel
976 3896 1078 4034 ipsi
1120 3897 1398 4036 religionis
1436 3899 1621 4036 legalis

203 4059 442 4185 ministri,
474 4098 639 4198 quum
675 4062 1051 4165 monasterium
1090 4092 1331 4166 nostrum
1373 4066 1619 4167 subeunt.

203 4223 357 4350 Quid
394 4254 472 4329 est
507 4264 602 4329 cur
640 4228 858 4368 plurimi
895 4232 1178 4333 turbentur
1215 4258 1267 4333 et
1309 4231 1624 4370 trepident?

203 4388 363 4516 Quos
383 4393 522 4495 enim
543 4394 643 4518 sui,
659 4423 717 4497 ut
735 4421 966 4520 censent,
987 4397 1169 4534 pusilli
1193 4397 1359 4499 ,animi
1378 4398 1621 4536 puderet,

188 4557 245 4660 si
275 4559 390 4660 noti
420 4585 473 4660 et
501 4560 738 4701 ejusdem
769 4590 922 4665 sectae
956 4563 1191 4666 fautores
1221 4564 1504 4686 adstarent,
1533 4601 1624 4669 eos

202 4724 382 4827 videas
411 4753 464 4827 et
493 4727 738 4865 lacrymis
759 4729 1035 4869 indulgere
1064 4758 1118 4834 et
1146 4732 1360 4834 humilis
1382 4732 1624 4836 monachi
