4776 6390
877 689 1116 743 -111-

285 875 411 996 vitus)
436 875 757 966 concedebatur
780 873 982 964 omnibus
1007 873 1127 962 exire
1149 872 1423 964 volentibus:
1452 872 1527 961 sed
1550 871 1707 991 gratias

283 1031 391 1140 Deo,
418 1047 540 1114 tanta
573 1047 667 1113 erat
702 1023 762 1114 ibi
799 1023 998 1114 sanctitas
1030 1023 1143 1137 vitae,
1178 1021 1420 1112 constantia
1452 1020 1499 1109 in
1538 1018 1702 1132 animo,

281 1173 490 1263 modestia
521 1173 566 1262 in
592 1173 749 1288 verbis,
771 1172 959 1263 hilaritas
989 1175 1145 1287 vultus,
1165 1171 1357 1262 alacritas
1393 1171 1439 1260 in
1477 1169 1701 1291 operibus,

282 1346 326 1411 et
344 1324 429 1413 tale
453 1323 737 1412 moderamen
761 1322 807 1410 in
829 1322 1049 1436 omnibus,
1070 1321 1190 1443 quod
1214 1319 1462 1411 conturbati
1484 1342 1585 1409 sunt
1608 1350 1705 1408 om-

285 1500 359 1558 nes
400 1471 475 1591 qui
517 1471 721 1560 videbant
758 1501 869 1586 eos3
912 1502 1161 1592 quanquam
1208 1470 1356 1560 Priore
1395 1469 1537 1559 orbati
1582 1492 1708 1558 erant

284 1642 469 1708 externo
492 1643 537 1709 et
559 1619 711 1741 pupilli
736 1617 835 1710 facti
858 1620 1020 1741 absque
1044 1643 1183 1740 patre,
1204 1619 1438 1740 unicuique
1461 1643 1609 1709 tamen
1633 1650 1707 1708 sua
1768 1641 1902 1704 ruem,
1918 1642 1943 1693 3·

284 1768 544 1859 conscientia
572 1769 696 1858 Prior
711 1793 821 1885 erat,
840 1769 1013 1858 interne
1040 1769 1230 1890 dirigens
1256 1802 1303 1860 ac
1325 1769 1541 1859 instruens
1564 1800 1638 1857 eos
1661 1768 1707 1857 in

285 1917 501 2009 omnibus.
535 1925 673 2040 Super
695 1950 791 2039 quae
819 1917 1030 2009 attonitus
1064 1918 1135 2007 ille
1170 1919 1361 2008 Vicarius
1395 1918 1534 2038 Regis,
1554 1919 1707 2007 nolens

284 2066 396 2157 vinci
426 2100 450 2156 a
476 2069 611 2184 bono,
638 2091 828 2189 quatuor
858 2099 912 2157 ex
946 2064 1138 2157 Nostris*
1169 2069 1356 2188 quadam
1385 2067 1454 2156 die
1481 2066 1707 2157 Dominica
1734 2095 1995 2221 ipqgnpgtrgqagqp

283 2216 404 2341 jussit
436 2218 529 2338 rapi
560 2240 683 2307 extra
719 2223 1002 2309 Conventum
1033 2218 1138 2306 dum
1169 2241 1311 2307 essent
1342 2216 1388 2306 in
1416 2214 1707 2306 celebratione
1735 2227 1828 2268 ΜΨ
1841 2226 1906 2268 “¹‘-

285 2397 463 2457 summae
494 2366 640 2479 Missae,
676 2390 721 2456 et
753 2366 906 2456 deduci
944 2367 997 2455 ad
1031 2366 1250 2456 ecclesiam
1288 2367 1592 2455 Cathedralem
1632 2365 1708 2455 ubi

285 2546 515 2606 concursus
540 2516 674 2606 totius
697 2513 877 2606 civitatis
902 2512 1278 2636 frequentabatur,
1298 2514 1373 2604 ubi
1396 2515 1529 2605 ctiam
1555 2546 1708 2605 omnes

287 2666 463 2756 Nobiles
479 2689 524 2755 et
542 2665 750 2754 Primates
767 2664 900 2754 totius
915 2664 1040 2785 regni
1057 2665 1213 2754 eodem
1231 2663 1300 2754 dic
1318 2665 1513 2779 aderant,
1526 2688 1709 2786 propter

284 2846 528 2905 sermonem
557 2814 886 2905 declamandum
917 2844 996 2935 per
1021 2815 1255 2935 quemdam
1289 2815 1588 2904 Reverendum
1627 2820 1706 2904 Pa-

284 2987 399 3054 trem
432 2988 477 3054 et
509 2963 778 3085 Episcopum.
807 2970 1035 3072 Quocum
1063 2963 1209 3053 Nostri
1240 2963 1412 3053 adducti
1443 2960 1637 3078 fuissent,
1661 2963 1707 3052 in

282 3116 381 3204 loco
404 3113 564 3204 celebri
586 3114 904 3227 statuebantur,
925 3112 1118 3202 adhibita
1140 3112 1271 3202 etiam
1294 3111 1491 3232 diligenti
1515 3111 1707 3202 custodia

284 3262 600 3353 Vicecomitum
616 3262 816 3377 civitatis;
837 3292 1126 3382 sermoneque
1143 3261 1284 3376 finito,
1304 3261 1468 3351 remissi
1485 3285 1611 3351 erant
1626 3263 1705 3351 do·

285 3444 420 3504 mum.
442 3418 543 3502 Non
559 3411 750 3533 pertinet
767 3412 821 3501 ad
841 3442 936 3501 rem
952 3411 1138 3501 scribere
1155 3442 1251 3531 quae
1267 3411 1512 3527 audierunt,
1533 3412 1608 3501 sed
1623 3412 1706 3501 hoc

282 3584 454 3653 tantum
480 3563 600 3684 quod
615 3593 707 3652 non
730 3559 895 3684 profuit
911 3561 991 3651 illis
1012 3592 1156 3651 sermo
1179 3561 1363 3676 auditus,
1385 3591 1476 3650 non
1492 3561 1707 3651 admixtus

281 3711 399 3828 fidei,
418 3743 475 3801 ex
491 3711 556 3801 his
573 3743 669 3832 quae
684 3711 798 3802 dicta
813 3732 940 3801 erant
956 3742 981 3801 a
998 3734 1170 3832 pastore
1192 3710 1247 3800 ad
1269 3709 1394 3831 ipsos.
