4740 6414
1185 690 1416 746 -χχχ-

584 876 662 983 qui
680 874 725 957 in
744 874 928 979 Angliae
947 901 1096 978 regno,
1116 874 1194 956 sub
1212 875 1406 958 Henrico
1426 888 1584 971 octavo,
1610 877 1662 960 ob
1688 879 1896 962 Ecclesia
1916 884 1923 982 Ι
1945 882 2017 963 de-

574 1007 821 1114 fensionem
854 1018 893 1088 et
924 1005 1086 1111 mffarii
1114 1007 1358 1089 schismatis
1387 1007 1714 1102 detestationem,
1748 1016 1754 1112 Ι
1789 1012 2019 1095 crudeliter

585 1138 794 1222 trucidati
810 1150 922 1221 sunt.
945 1138 952 1235 Ι
974 1137 1104 1221 Edita
1127 1139 1134 1235 Ι
1150 1139 1346 1244 primum
1366 1167 1392 1220 a
1411 1138 1468 1221 R.
1487 1139 1540 1221 P.
1558 1137 1611 1220 F.
1630 1139 1843 1223 Mauritio
1869 1140 2016 1225 Chan-

586 1298 684 1364 caeo,
708 1269 878 1375 bingio,
903 1279 908 1373 Ι
931 1270 1119 1373 ejusdem
1149 1269 1341 1365 Ordinis,
1364 1271 1471 1377 pari
1484 1271 1581 1376 fide
1608 1298 1659 1352 ac
1671 1272 1849 1377 pietate,·
1871 1279 1878 1376 Ι
1901 1301 2016 1357 nunc

587 1402 805 1495 recensita,
829 1401 1028 1483 distincta
1058 1413 1095 1483 et
1122 1402 1286 1484 mendis
1310 1416 1519 1509 purgata,
1545 1411 1552 1507 Ι
1575 1404 1620 1485 in
1649 1402 1856 1485 Cartusia
1876 1404 2016 1488 Horti

585 1534 877 1638 Angelorum,
917 1532 1210 1637 Wirceburgi,
1237 1535 1307 1631 lin
1350 1533 1561 1618 Orientali
1587 1533 1841 1629 Franconia,
1868 1541 2013 1637 'anno

586 1665 650 1747 M.
673 1668 724 1748 D.
743 1666 793 1748 C.
820 1665 946 1748 VIII.

640 1795 885 1879 Havensius
910 1811 1055 1878 autem
1080 1797 1258 1879 editioni
1282 1796 1560 1880 Gandavensi
1581 1801 1819 1882 secundam
1839 1812 2010 1882 tantum

586 1944 752 2033 partem
774 1928 888 2010 illius
903 1929 1015 2010 tituli
1037 1927 1186 2029 affixit,
1205 1930 1365 2011 scilicet
1384 1960 1391 2011 :

645 2059 1067 2157 {Commentariolus
1103 2062 1109 2156 Ι
1145 2061 1195 2142 de
1214 2060 1309 2142 vitae
1328 2061 1490 2143 ratione
1519 2075 1557 2145 et
1582 2062 1803 2169 Martyria
1835 2062 2013 2147 XVIII

588 2190 1023 2273 Cartusianorum....
1047 2202 1119 2273 etc.
1144 2192 1386 2297 (utsupra.)

640 2321 826 2405 Demum
857 2323 1035 2405 editioni
1066 2323 1266 2407 Coloniae
1301 2326 1445 2407 nullus
1477 2325 1708 2429 primarius
1741 2327 1894 2409 titulus
1927 2340 2007 2420 est,

585 2456 661 2537 sed
687 2457 991 2538 tantummodo
1022 2456 1319 2556 secundariu5‚
1339 2483 1437 2538 cum
1464 2457 1636 2540 duobus
1658 2457 2007 2561 praecedentibus

583 2588 862 2669 communis:

635 2719 838 2801 Historia
867 2721 874 2818 Ι
907 2718 1121 2825 Martyrii
1147 2724 1152 2820 Ι
1180 2719 1406 2801 octodecim
1441 2720 1799 2802 Cartusianorum
1829 2720 2010 2825 Anglo-

584 2877 696 2943 rum,
724 2851 729 2947 Ι
750 2852 828 2932 sub
848 2880 951 2956 rege
969 2851 1153 2955 Angliae
1166 2852 1359 2934 Henrico
1384 2852 1509 2946 VIII,
1537 2861 1542 2955 Ι
1564 2880 1679 2934 anno
1694 2852 1878 2936 Domini
1893 2852 2010 2936 1535

588 2982 702 3089 1537
728 2986 915 3089 et1541,
943 2983 1202 3080 {crudeliter
1230 2983 1549 3089 interfectorum
1563 3018 1579 3078 ,·
1603 2988 1608 3082 Ι
1630 2983 1765 3066 Edita
1789 2989 1794 3085 Ι
1810 2985 2008 3091 primum

582 3142 608 3195 a
629 3115 856 3197 reverendo
874 3115 927 3196 P.
946 3113 998 3196 F.
1020 3114 1243 3196 Mauricio
1267 3116 1478 3199 Clancao
1498 3117 1666 3221 Anglo,
1693 3116 1699 3212 Ι
1721 3117 1910 3219 ejusdem
1932 3115 2009 3199 Or·

583 3246 698 3329 dinis
711 3249 925 3353 professo
952 3247 958 3343 Ι
981 3275 1094 3329 nunc
1109 3247 1280 3329 meliori
1292 3249 1401 3354 stylo
1417 3248 1620 3330 recensita
1644 3257 1650 3350 Ι
1671 3260 1796 3355 atque
1811 3249 1857 3330 in
1872 3248 2008 3331 lucem

576 3380 768 3485 prolata.

638 3589 685 3673 ln
724 3591 937 3672 Analectis
975 3587 1284 3688 BollandianiS‚
1318 3602 1435 3688 (tom.
1469 3588 1542 3689 VI,
1572 3618 1642 3672 an.
1680 3590 1798 3698 1887,
1829 3592 1932 3673 fasc.
1972 3618 2007 3689 1,

583 3735 625 3828 p'.
643 3722 791 3822 3651)
801 3723 1106 3827 compendium
1124 3722 1376 3803 ultimorum
1395 3723 1583 3826 capitum
1601 3722 1891 3805 PassionisX
1896 3722 2015 3808 VIII

585 3855 950 3938 Cartusianorum
972 3857 1120 3937 datum
1153 3869 1230 3953 est,
1250 3880 1301 3935 ex
1332 3852 1445 3936 Cod.
1470 3853 1550 3936 Ms.
1575 3854 1848 3936 bibliothecae
1877 3854 2010 3962 regiae

584 3986 815 4093 HagensiS.
831 3986 1052 4092 Scriptura
1067 3985 1245 4069 Codicis
1260 4013 1349 4069 non
1370 4001 1434 4068 est
1448 3984 1566 4069 XVII
1588 3986 1747 4068 saeculo
1765 3987 2008 4093 antiquior3

581 4119 827 4224 compendii
848 4134 994 4202 autem
1017 4144 1174 4224 magna
1195 4144 1295 4223 pars
1316 4146 1366 4200 ex
1386 4118 1574 4201 editione
1588 4119 1690 4201 anni
1709 4118 1812 4201 1608
1833 4133 2011 4225 sumpta

580 4253 765 4349 videtur,
793 4250 967 4349 (confer,
989 4276 1056 4332 ex.
1083 4277 1160 4356 gn,
1190 4256 1235 4349 ΙΙ
1259 4276 1379 4356 14·17
1402 4248 1579 4333 Codicis
1599 4276 1697 4333 cum
1728 4278 1826 4357 pag.
1849 4278 2010 4360 91·102

582 4382 782 4467 editionis
806 4380 1041 4475 Havensii.)

636 4512 829 4619 Epitome
850 4513 983 4612 aliud,
1004 4513 1164 4617 partim
1186 4539 1209 4594 e
1229 4511 1416 4594 Mauritii
1433 4511 1645 4618 Chauncy
1665 4513 1811 4596 libello
1832 4515 2012 4599 desum·

582 4661 720 4751 ptum,
738 4645 954 4726 invenitur
973 4645 1017 4725 in
1037 4644 1077 4727 3·
1096 4644 1346 4749 Appendice
1375 4645 1428 4725 ad
1451 4642 1712 4728 Historicam
1736 4644 2011 4730 Relationem

583 4775 662 4859 XII
695 4774 933 4881 Martyrum
965 4774 1331 4859 Cartusianorum
1364 4775 1682 4876 Ruraemundae,
1719 4792 1894 4860 auctore
1926 4777 2014 4862 Ar·
