4740 6414
1139 187 1381 269 -116—

548 396 769 488 vationem
812 402 993 512 Domus,
1028 395 1062 487 si
1104 419 1192 487 tuae
1227 396 1414 488 bonitati
1450 398 1727 519 placuerit.»
1773 405 1876 490 Haec
1912 424 1978 490 est

548 545 888 668 quahscumque,
917 547 1018 637 licet
1050 545 1220 663 frivola,
1249 548 1470 657 excusatio
1500 579 1632 669 quam
1666 527 1748 670 pro
1780 548 1976 640 tituban-

546 698 663 791 tibus
682 699 869 818 allegare
894 728 1083 818 possum.
1121 703 1170 788 Et
1194 697 1430 790 certissime
1461 698 1549 789 scio
1579 699 1700 819 quod
1732 730 1884 790 revera
1915 699 1977 789 ita

548 870 642 939 acta
667 847 736 962 sit,
763 847 838 936 sed
865 878 958 936 non
985 846 1032 936 in
1063 848 1147 938 hoc
1178 847 1397 972 justificati
1430 879 1577 939 sumus
1596 862 1624 939 ¹.
1655 852 1768 940 Nolo
1793 848 1977 940 recitare

271 1023 520 1093 iuuenum-19.
547 997 772 1088 historiam
797 1003 1008 1112 Naaman,
1036 1029 1116 1088 nec
1138 998 1255 1088 aliud
1275 999 1466 1088 inserere
1493 999 1548 1087 de
1574 998 1687 1089 libro
1712 1002 1896 1114 Baruch,
1921 1000 1978 1088 ad

278 1124 282 1131 ⁵
547 1149 659 1239 hanc
695 1144 1002 1234 simulationem
1032 1178 1111 1236 nos
1139 1147 1363 1262 inducens,
1394 1178 1450 1236 ne
1475 1147 1689 1238 declinem
1723 1180 1974 1239 cormeum

548 1298 603 1388 ad
633 1298 891 1387 excusandas
923 1297 1220 1387 excusationes
1254 1297 1301 1386 in
1333 1298 1533 1418 peccatis,
1560 1299 1696 1389 sciens
1726 1299 1847 1420 quod
1872 1300 1977 1389 scri·

286 1466 388 1518 uos.
403 1482 430 1532 v,
446 1481 487 1517 20·
547 1470 674 1569 ptum
700 1445 782 1536 sit:
814 1446 903 1535 Nisi
926 1446 1090 1569 justitia
1114 1469 1255 1537 vestra
1277 1448 1563 1567 praecelluerit
1575 1448 1785 1571 justitiam
1808 1448 1976 1540 Scriba·

546 1628 645 1687 rum
676 1619 721 1686 et
749 1595 1076 1710 Pharisaeorum‚
1105 1626 1198 1684 non
1222 1595 1437 1686 intrabitis
1460 1597 1506 1686 in
1530 1627 1718 1717 regnum
1747 1600 1973 1689 coelorum'.

277 1930 520 1996 nemancos·
611 1902 659 1986 Et
689 1899 772 1986 hoc
802 1897 849 1984 in
880 1895 1064 1986 veritate
1097 1895 1415 2016 comperientes
1445 1896 1604 1987 residui
1634 1898 1687 1987 de
1719 1904 1971 2014 Conventu,

255 2002 519 2183 Ξῇἱᾙέἕῗὲῧῗῖ
547 2050 787 2138 noluerunt
808 2045 949 2137 facere
966 2046 1347 2166 praeservationem
1370 2046 1548 2167 lapideae
1571 2048 1726 2138 domus
1744 2048 1975 2169 pretiosio-

547 2227 641 2287 rem
679 2228 811 2318 quam
844 2228 903 2311 se,
939 2197 1014 2285 sed
1052 2218 1356 2317 praeponentes
1394 2196 1540 2286 statim
1576 2197 1787 2288 materiali
1825 2198 1976 2287 domui

546 2346 728 2437 salutem
752 2345 908 2435 animae
930 2376 1032 2459 suae,
1060 2367 1215 2435 cuncta
1240 2378 1337 2466 quae
1361 2346 1611 2437 habuerunt
1632 2347 1822 2437 libenter
1842 2348 1975 2438 dede-

546 2519 651 2588 runt
675 2526 756 2617 pro
780 2494 925 2585 anima
950 2525 1040 2609 sua,
1061 2517 1106 2583 et
1130 2497 1294 2584 nullam
1318 2495 1531 2617 suscipere
1548 2498 1784 2587 voluerunt
1801 2498 1975 2586 redem-

546 2645 744 2770 ptionem
768 2675 847 2766 per
871 2643 1061 2764 aliquam
1084 2643 1405 2756 simulationem,
1431 2644 1506 2734 sed
1527 2668 1779 2735 constanter
1800 2668 1975 2735 contra·

546 2798 752 2888 dixerunt
787 2793 890 2913 Regi
916 2816 966 2883 ut
992 2793 1219 2883 meliorem
1247 2793 1497 2884 invenirent
1525 2796 1906 2911 resurrectionem,
1931 2816 1976 2883 et

546 2949 728 3038 domum
762 2975 853 3034 non
881 2941 1171 3034 manufactam
1199 2944 1414 3033 haberent
1441 2943 1488 3032 in
1517 2944 1646 3034 coelis.
1678 2950 1897 3035 Numerus
1920 2943 1975 3034 is-

546 3097 630 3188 tius
655 3095 835 3187 residuae
861 3094 993 3215 partis
1016 3091 1099 3183 fuit
1121 3092 1323 3183 denarius
1348 3128 1356 3182 :
1388 3115 1475 3183 tres
1500 3094 1758 3209 sacerdotes,
1786 3125 1976 3215 quorum

545 3279 657 3339 unus
683 3245 919 3338 vocabatur
944 3243 1146 3333 Ricardus
1173 3248 1297 3358 Bere,
1331 3244 1442 3332 alter
1467 3246 1656 3334 Thomas
1677 3244 1892 3359 Johnson,
1929 3266 1974 3332 et

541 3384 699 3489 'tertius
734 3398 922 3485 Thomas
958 3400 1129 3509 Green3
1172 3425 1284 3484 unus
1316 3393 1537 3509 diaconus,
1573 3417 1750 3484 vocatus
1786 3398 1977 3484 loannes

547 3556 689 3669 Davy3
707 3569 837 3636 etsex
854 3543 1082 3659 Conversi,
1104 3543 1178 3664 qui
1191 3541 1385 3658 luerunt,
1398 3542 1656 3634 Guillelmus
1674 3544 1973 3660 Greenwood‚

546 3701 734 3791 Thomas
788 3701 1000 3817 Scryven,
1050 3694 1264 3784 Robertus
1313 3695 1420 3807 Salt,
1472 3693 1722 3784 Gualterius
1773 3693 1973 3812 Pierson,

546 3852 735 3942 Thomas
770 3847 951 3967 Redyng
990 3867 1035 3933 et
1070 3843 1327 3933 Guillelmus
1369 3849 1495 3932 Horn
1517 3855 1565 3959 2;
1606 3875 1759 3933 omnes
1793 3841 1975 3964 professi

544 4000 736 4127 ejusdem
770 4018 929 4085 nostrae
954 4000 1120 4084 Domus
1147 3992 1468 4082 londoniensis.
1502 3998 1550 4083 Et
1574 3993 1619 4083 hi
1645 4025 1798 4084 omnes
1815 3993 1976 4084 retrusi

544 4172 670 4241 erant
694 4168 852 4269 quarto
873 4144 1086 4236 Calendas
1101 4142 1235 4259 lunii,
1257 4173 1374 4231 anno
1397 4142 1574 4232 Domini
1599 4172 1722 4267 1597,
1738 4143 1785 4232 in
1801 4173 1973 4234 carcere

544 4296 828 4410 soetidissimo,
848 4294 894 4384 in
916 4293 1089 4385 civitate
1110 4315 1262 4383 vocata
1285 4298 1511 4413 Newgate,
1532 4293 1607 4384 ubi
1633 4325 1786 4383 omnes
1806 4293 1854 4383 in
1871 4294 1971 4385 bre·
