1481 1781
559 261 680 282 —103—

256 319 353 343 ptorem,
364 321 430 343 quam
440 313 532 336 dulciter
545 314 680 344 amplexatus
695 320 717 336 et
732 315 847 344 osculatus,
857 320 880 337 et
892 323 932 345 pro
945 323 973 338 eo

254 356 281 373 et
293 351 369 373 ceteris
381 351 515 373 adstantibus
527 359 593 381 quam
610 351 645 381 pie
660 352 787 381 rogaverit?
804 352 887 375 Deinde
903 353 973 383 jussus

255 394 289 410 est
300 388 377 410 scalam
389 388 504 411 ascendere
516 389 544 411 ad
554 388 676 419 patibulum
688 389 725 412 ubi
737 390 899 419 suspendendus
912 396 969 419 erat;

256 425 296 455 qui
304 425 415 448 mitissime
426 426 588 456 obtemperans,
597 426 700 449 ascendit,

289 464 350 485 Tunc
362 470 419 486 unus
430 471 457 485 ex
470 463 603 486 Consiliariis
617 463 700 487 domini
713 464 781 494 Regis,
794 464 832 495 qui
844 464 875 487 ibi
886 465 972 488 stabant

256 508 308 523 cum
319 500 392 523 multis
402 500 497 523 millibus
504 500 620 524 hominum
632 501 659 524 ad
670 501 713 523 tale
725 502 871 531 spectaculum
879 510 970 525 concur-

256 538 361 567 rentium,
374 538 437 568 petiit
452 538 481 561 ab
496 546 524 561 eo
539 538 555 561 si
573 546 671 561 annuere
685 539 751 561 vellet
766 539 831 569 regiae
848 539 937 570 jussioni
949 545 972 563 et

256 575 345 598 decreto
358 575 499 605 Parlamenti;
511 576 529 599 si
539 576 612 605 vellet,
622 576 685 599 venia
696 576 736 599 sibi
746 577 842 599 daretur.
854 577 972 607 Respondit

255 618 357 635 constans
371 614 455 644 Mai-tyr
468 613 564 636 Christi:
581 622 593 634 ι
603 615 690 636 Testem
702 613 781 636 invoco
795 614 971 644 omnipotentem

256 651 337 679 Deum,
349 656 373 673 et
384 658 423 673 vos
434 658 511 673 omnes
522 650 612 673 obsecro
624 651 683 673 idem
695 658 736 681 pro
748 659 784 673 me
796 651 820 674 in
832 652 923 674 terribili
936 652 971 675 die

254 687 329 719 judicii
344 688 448 717 attestari,
463 688 522 718 quod
534 688 568 710 hic
581 688 707 717 moriturus,
720 688 806 719 publice
818 689 925 719 profiteor
935 697 971 711 me

254 726 312 747 hanc
326 725 498 748 inobedientiam
514 731 537 748 et
554 725 694 748 renitentium
710 731 787 748 contra
802 726 885 749 domini
902 726 971 749 nostri

255 763 320 793 Regis
334 763 479 792 voluntatem,
494 770 540 785 non
554 771 583 785 ex
598 763 669 793 aliqua
683 763 808 793 pertinacia,
823 764 912 793 malitia,
926 764 970 787 sive

254 800 329 823 animo
341 800 465 823 rebellionis
477 800 622 829 committere,
633 800 670 823 sed
681 801 819 823 solummodo
829 801 859 824 ob
868 801 970 824 timorem

254 838 304 867 Dei,
321 846 350 861 ne
369 839 415 869 ejus
436 840 571 870 Majestatem
590 838 700 862 offendam
719 847 846 869 supernam3
864 848 892 862 eo
911 840 971 870 quod

252 881 327 898 sancta
338 881 412 898 nostra
423 881 494 899 mater
508 876 597 899 Ecclesia
608 876 671 898 aliter
679 876 774 899 decrevit
785 882 808 899 et
816 877 891 899 statuit
904 885 970 907 quam

253 912 299 943 ipse
316 914 362 936 Rex
375 919 447 936 vester
461 921 511 936 cum
523 921 563 936 suo
578 914 716 936 Parlamento
729 913 847 943 ordinavit3
860 922 900 944 per
910 915 971 945 quod

252 950 361 980 obligatus
380 958 429 973 sum
444 951 468 973 in
485 951 616 974 conscientia
632 959 688 980 mea,
699 951 765 974 etiam
782 957 869 982 paratus
884 957 907 974 et
923 959 969 974 non

253 988 361 1017 turbatus,
372 988 424 1017 haec,
434 993 457 1010 et
465 988 540 1010 omnia
555 996 603 1018 quae
614 995 705 1019 possunt
716 988 786 1019 infligi
798 994 914 1017 tormenta,
924 989 969 1020 pati

252 1025 325 1056 potius
332 1033 399 1056 quam
410 1025 505 1048 Ecclesiae
512 1026 617 1049 doetrinae
629 1026 744 1049 adversari.
759 1028 829 1049 Orate
841 1035 882 1057 pro
893 1035 936 1056 me,
946 1033 969 1050 et

252 1062 398 1085 miseremini
422 1064 521 1086 Fratrum
542 1071 643 1086 meorum
666 1071 761 1094 quorum
780 1064 843 1087 Prior
861 1064 892 1087 fui
911 1064 968 1087 indi-

251 1107 315 1130 gnus.
326 1109 337 1121 ι

284 1139 309 1160 Et
320 1137 353 1160 his
363 1137 431 1166 dictis,
447 1137 543 1161 inducias
553 1138 617 1169 petiit
629 1146 642 1161 a
654 1139 731 1161 lictore
742 1139 812 1161 donec
825 1139 905 1162 finisset
918 1147 968 1162 ora-

250 1175 336 1197 tionem
348 1183 409 1198 suam
422 1183 470 1206 quae
481 1181 543 1198 erat:
558 1176 583 1198 In
595 1181 615 1198 te
627 1176 725 1205 Domine,
735 1177 825 1207 speravi,
839 1184 907 1207 usque
923 1185 928 1199 :
942 1177 967 1199 ln

250 1220 325 1235 manus
338 1218 391 1240 tuas,
400 1212 511 1236 inclusive.
527 1215 579 1240 Qua
591 1213 655 1242 dicta,
667 1219 690 1236 et
703 1213 765 1244 signo
778 1214 837 1243 dato,
850 1222 924 1237 eversa
935 1220 968 1237 est

252 1250 315 1279 scala,
328 1256 351 1272 et
359 1250 388 1273 sic
394 1257 508 1280 suspensus
520 1256 573 1272 erat.
589 1251 613 1273 Et
625 1258 677 1273 mox
689 1259 745 1274 unus
756 1251 896 1280 adstantium,
906 1257 967 1274 ante-

252 1295 319 1318 quam
331 1293 404 1310 sancta
416 1289 463 1318 ejus
475 1287 547 1310 anima
559 1288 630 1311 exiret
643 1296 656 1311 a
672 1296 772 1319 corpore,
782 1288 871 1311 abscidit
882 1288 966 1318 funem,

987 323 1077 352 „mm
1088 328 1117 337 ffl-

993 471 1058 484 Oblnmn
1061 472 1117 485 veni-m

986 490 1044 500 recu-n.

998 1182 1021 1195 με.
1029 1185 1060 1198 xxx,
1067 1182 1097 1195 με,

1022 1220 1114 1238 ευψεηᾱιμπ

1016 1239 1024 1248 u
1035 1239 1043 1248 a
1056 1239 1114 1248 emm-m

982 1239 1079 1267 :max-mr.
