4776 6390
900 708 1103 787 ..ψ

352 897 464 983 Tum
489 892 634 1014 regius
657 898 920 982 Procurator
941 890 1171 1011 suscipiens
1197 920 1441 980 sermonem
1472 923 1480 980 :
1513 893 1717 1012 «Hujus-

290 1041 426 1156 modi‚
460 1041 620 1163 inquit,
656 1042 876 1132 silentium
907 1064 1075 1131 certum
1106 1039 1283 1159 aliquod
1308 1039 1515 1129 indicium
1550 1061 1644 1128 erat
1674 1061 1719 1126 et

288 1191 472 1282 obscura
507 1191 764 1312 significatio
802 1190 1002 1309 malignae
1039 1189 1217 1313 alicujus
1254 1188 1529 1310 cogitationis
1566 1211 1719 1278 contra

288 1340 429 1463 ipsum
462 1342 706 1455 decretum,
741 1364 975 1462 propterea
1013 1340 1132 1458 quod
1166 1337 1307 1427 omnis
1349 1338 1544 1428 subditus
1580 1337 1717 1427 siuce-

289 1519 363 1581 rus
386 1511 433 1580 et
457 1489 594 1579 fidelis
613 1488 731 1611 Regi,
751 1489 785 1578 si
802 1490 856 1578 de
873 1488 990 1578 dicto
1008 1488 1184 1578 decreto
1207 1488 1521 1608 interrogetur,
1542 1510 1720 1577 tenetur

289 1640 398 1731 citra
420 1670 600 1730 omnem
624 1639 1009 1730 dissimulationem
1039 1639 1304 1759 respondere
1332 1637 1502 1758 regium
1527 1636 1717 1726 edictum

289 1820 380 1880 esse
401 1789 585 1903 bonum,
604 1793 768 1912 justum
793 1820 842 1878 ac
862 1810 1074 1879 sanctum.
1097 1824 1121 1872 a
1180 1821 1182 1824 ’

351 1940 464 2027 Tum
488 1942 666 2028 Morus:
702 1975 725 2023 a
752 1947 809 2028 At
834 1938 883 2054 si,
909 1937 1250 2060 inquit‚·verum
1274 1960 1339 2027 est
1364 1938 1483 2057 quod
1508 1941 1573 2056 jus
1596 1966 1716 2026 com-

288 2116 424 2177 mune
455 2088 627 2178 habet:
666 2088 756 2196 Qui
789 2110 904 2179 tacet
935 2086 1181 2178 consentire
1212 2086 1398 2200 videtur,
1433 2117 1580 2175 meum
1604 2085 1718 2175 istud

288 2234 508 2326 silentium
538 2238 633 2357 plus
663 2236 919 2357 approbavit
951 2258 1143 2327 vestrum
1174 2237 1397 2326 decretum
1429 2267 1560 2356 quam
1594 2234 1716 2324 infir·

290 2384 437 2476 mavit.
468 2390 564 2475 Jam
592 2386 713 2505 quod
743 2385 845 2475 dicis
878 2415 1058 2474 omnem
1085 2384 1259 2474 fidelem
1284 2383 1504 2474 subditum
1534 2383 1717 2504 obligari
1801 2365 1805 2371 ⁴

287 2559 339 2628 ut
368 2536 630 2657 respondeat
656 2535 827 2655 regium
857 2535 1048 2626 edictum
1081 2535 1377 2645 essebonum,
1407 2533 1440 2623 si
1473 2533 1718 2654 interroge-

286 2708 382 2802 tur3
402 2685 649 2806 respondeo
674 2686 803 2775 bonae
832 2684 933 2775 fidei
950 2683 1173 2775 subditum
1199 2683 1334 2803 magis
1360 2682 1603 2803 obligatum
1627 2713 1717 2772 esse

289 2841 398 2950 Deo,
425 2834 698 2927 conscientiae
723 2857 769 2924 et
793 2835 947 2924 animae
972 2866 1073 2949 suae,
1101 2865 1232 2955 quam
1264 2833 1339 2923 ulli
1368 2833 1438 2923 alii
1465 2833 1528 2923 rei
1561 2833 1606 2923 in
1633 2832 1717 2923 hoc

286 2986 469 3101 mundo,
500 2984 687 3074 maxime
716 2985 748 3075 si
781 2985 876 3075 talis
908 2983 1189 3098 conscientia,
1217 2983 1353 3104 qualis
1375 3006 1441 3072 est
1464 3014 1580 3098 mea,
1610 2982 1715 3072 nihil

285 3134 549 3250 offendiculi,
582 3134 691 3224 nihil
720 3134 941 3225 seditionis
971 3134 1110 3256 pariat
1138 3132 1320 3222 domiuo
1349 3165 1451 3248 suo;
1477 3163 1580 3222 nam
1610 3131 1717 3222 illud

284 3313 365 3406 pro
396 3305 519 3374 certo
547 3282 670 3374 vobis
699 3283 884 3397 affirmo,
910 3284 1030 3405 quod
1063 3281 1169 3372 nulli
1201 3283 1452 3373 mortalium
1483 3285 1564 3372 hac
1589 3281 1635 3371 iu
1668 3312 1716 3371 re

286 3432 529 3525 detexerim
551 3432 859 3523 conscientiam
886 3464 1043 3522 meam.

349 3581 537 3672 «Venio
563 3612 681 3672 nunc
708 3584 762 3672 ad
788 3583 1025 3672 secundum
1049 3581 1330 3672 accusationis
1358 3605 1503 3703 caput,
1527 3613 1618 3704 quo
1645 3611 1714 3671 ar·
1784 3629 1826 3679 aa
1855 3627 2008 3702 ‚annm

284 3761 399 3854 guor
421 3755 574 3822 contra
601 3731 760 3821 dictam
791 3731 1150 3822 constitutionem
1173 3764 1248 3823 seu
1274 3734 1497 3823 decretum
1524 3755 1716 3824 vestrum
1743 3699 1926 3803 iiii-“mm
1946 3703 2007 3752 ω’

284 3880 554 3975 machinatus
583 3879 725 3997 luisse,
756 3913 810 3971 eo
840 3882 961 4004 quod
986 3883 1040 3971 ad
1068 3882 1309 3973 Rofiensem
1344 3884 1584 4006 scripserim
1616 3907 1716 3974 octo

283 4031 402 4154 paria
435 4031 732 4152 epistolarum,
760 4031 916 4153 quibus
947 4030 1070 4121 illum
1104 4032 1334 4122 animarim
1369 4034 1570 4125 adversus
1602 4033 1717 4125 istud

283 4180 490 4272 edictum.
524 4180 730 4302 Equidem
768 4181 1053 4270 vehementer
1084 4180 1271 4301 optarim
1308 4212 1378 4270 eas
1416 4182 1616 4303 epistolas
1646 4181 1716 4271 hic

284 4328 493 4452 proferri3
530 4331 605 4419 sed
643 4329 869 4450 quoniam,
903 4329 1012 4420 sicut
1043 4362 1120 4420 vos
1155 4329 1315 4446 dicitis,
1350 4360 1430 4452 per
1462 4331 1714 4453 Episcopum

282 4502 446 4570 exustae
473 4501 588 4594 sunt,
612 4479 704 4601 ipse
735 4479 857 4570 vobis
886 4479 1005 4568 ultro
1038 4479 1210 4570 illarum
1240 4504 1498 4601 argumenta
1520 4512 1714 4572 comme-

286 4628 485 4720 morabo.
522 4632 571 4718 lu
603 4629 861 4750 quibusdam
891 4629 1191 4720 tractabantur
1224 4659 1291 4719 res
1325 4628 1574 4746 familiares,
1608 4630 1717 4720 sicut

286 4801 433 4870 nostra
454 4799 578 4868 vetus
598 4779 870 4870 consuetudo
888 4801 934 4867 et
949 4778 1136 4870 amicitia
1148 4779 1419 4901 postulabat.
1449 4786 1548 4871 Una
1564 4810 1620 4869 ex
1636 4779 1717 4871 illis
