4776 6390
1367 684 1582 766 ...52-

768 894 847 985 nisi
872 893 1005 985 fortes
1034 917 1177 985 essent
1202 894 1249 985 in
1276 925 1460 1017 corpore
1494 918 1540 985 et
1574 896 1619 986 in
1656 895 1889 1017 Religionis
1920 898 2195 989 observantia

766 1044 1005 1135 exercitati.
1037 1044 1210 1134 Talibus
1240 1075 1345 1134 vero
1371 1047 1659 1166 persuadebat
1692 1076 1876 1168 corpora
1905 1077 1983 1136 sua
2014 1047 2195 1139 discrete

766 1193 1007 1314 castigare3
1044 1200 1222 1318 juvenes
1257 1194 1402 1285 stricte
1440 1196 1702 1315 prohibebat
1742 1228 1821 1318 per
1856 1198 1965 1288 duos
2004 1219 2082 1287 aut
2112 1220 2197 1288 tres

766 1374 903 1434 annos
926 1368 1024 1464 post
1045 1344 1286 1464 ingressum
1304 1344 1350 1433 in
1367 1345 1584 1435 Ordinem
1607 1346 1667 1436 ita
1690 1377 1835 1467 agere,
1856 1370 2040 1469 propter
2060 1349 2198 1438 multa

766 1517 1031 1584 nocumenta
1057 1525 1153 1613 quae
1176 1494 1278 1583 inde
1302 1493 1566 1586 acciderunt.

828 1777 1020 1896 Regebat
1044 1807 1197 1866 omnes
1219 1806 1387 1866 summa
1409 1806 1508 1865 cum
1530 1775 1776 1897 prudentia,
1796 1799 1841 1867 et
1863 1776 2070 1867 omnibus
2092 1808 2190 1867 mo·

764 1927 826 2016 dis
850 1924 1043 2047 quaesivit
1059 1925 1176 2016 bona
1197 1949 1242 2014 et
1265 1957 1413 2047 pacem
1431 1925 1547 2046 plebi
1564 1957 1663 2014 suae.
1686 1930 1858 2015 Statura
1879 1926 2058 2048 pusillus
2079 1949 2190 2043 erat,

763 2099 937 2197 aspectu
963 2077 1151 2195 elegans,
1181 2074 1273 2164 visu
1304 2076 1587 2191 verecundus,
1616 2074 1809 2165 moribus
1835 2076 2072 2191 modestus,
2100 2077 2192 2165 elo-

764 2224 866 2346 quio
909 2224 1058 2339 dulcis,
1098 2255 1282 2347 corpore
1323 2246 1472 2335 castus,
1509 2256 1558 2313 ac
1594 2223 1770 2316 humilis
1798 2226 1950 2339 corde;
1988 2225 2193 2316 omnibus

762 2374 954 2464 amabilis
993 2397 1038 2464 et
1075 2374 1379 2489 desiderabilis,
1416 2406 1494 2464 suo
1534 2374 1785 2464 Conventui
1828 2373 2096 2494 gratissimus
2143 2406 2192 2465 ac

762 2524 1052 2639 charissimus,
1089 2556 1241 2615 omnes
1272 2525 1587 2615 reverebantur
1618 2554 1736 2637 eum,
1771 2547 1817 2612 et
1854 2554 1945 2613 non
1983 2546 2078 2613 erat
2118 2524 2193 2645 qui

762 2677 1018 2796 loqueretur
1048 2676 1102 2764 de
1135 2675 1210 2764 illo
1246 2706 1301 2764 ne
1334 2705 1472 2764 unum
1506 2671 1682 2792 quidem
1715 2674 1877 2762 malum
1909 2673 2111 2763 verbum.
2147 2679 2195 2764 Et

762 2826 852 2946 ipse
872 2825 964 2914 ibat
986 2824 1215 2945 proficiens
1236 2847 1366 2945 atque
1390 2852 1656 2914 succrescens
1672 2823 1727 2911 de
1744 2823 1815 2911 die
1836 2821 1881 2911 in
1898 2823 2030 2937 diem,
2053 2823 2192 2944 magis

762 3005 810 3065 ac
849 2972 1003 3093 magis,
1039 2995 1084 3063 et
1115 2972 1253 3094 seipso
1285 3003 1456 3093 semper
1488 2971 1708 3061 robustior
1745 2971 2012 3062 efficiebatur
2046 2972 2110 3062 ita
2142 2997 2194 3064 ut

761 3155 862 3214 vere
887 3125 941 3214 ab
972 3123 1179 3213 universis
1208 3154 1389 3244 magnus
1417 3123 1667 3212 haberetur.
1702 3126 1750 3211 Et
1777 3120 1979 3211 dicebant
2002 3154 2107 3211 eum
2133 3122 2193 3212 ob

761 3280 853 3399 ejus
874 3272 1146 3364 sanctitatem
1169 3296 1213 3362 et
1236 3272 1567 3394 perfectionem,
1587 3270 1769 3392 dignum
1794 3270 1980 3361 existere
2002 3272 2049 3361 in
2071 3294 2191 3362 cata·

761 3425 863 3544 logo
881 3430 1139 3513 Sanctorum
1160 3421 1454 3535 annumerari,
1471 3421 1603 3510 etiam
1622 3421 1654 3510 si
1672 3422 1949 3512 solummodo
1967 3422 2194 3512 communi

759 3603 922 3694 genere
957 3571 1109 3663 mortis
1138 3571 1420 3662 occubuisset.
1458 3574 1579 3679 Quid
1612 3574 1773 3695 plura?
1804 3579 1848 3664 O
1879 3573 2052 3695 ingrata
2085 3605 2189 3690 vox,

761 3722 865 3843 quid
881 3723 1042 3842 plura?
1067 3724 1204 3811 Multa
1228 3752 1344 3811 sane.
1376 3720 1419 3812 Si
1445 3722 1564 3810 enim
1591 3722 1748 3843 linguis
1773 3722 2004 3813 hominum
2034 3723 2190 3844 loque·

759 3901 831 3964 rer
857 3895 901 3961 et
925 3872 1212 3992 Angelorum,
1234 3870 1340 3961 nihil
1358 3871 1540 3992 dignum
1564 3873 1691 3994 hujus
1713 3870 1847 3961 sancti
1869 3901 1918 3961 ac
1933 3872 2193 3963 venerabilis

763 4022 896 4113 Patris
927 4022 1065 4113 nostri
1094 4020 1325 4112 virtutibus
1348 4021 1551 4112 dicerem.
1581 4027 1629 4113 Et
1654 4023 1774 4144 quod
1796 4022 1901 4137 dixi,
1930 4023 2074 4113 minus
2101 4056 2191 4115 esse

758 4176 850 4297 ejus
867 4170 1031 4261 meritis
1053 4170 1261 4261 testificor
1279 4176 1420 4261 Deum
1444 4195 1489 4262 et
1511 4203 1662 4262 omnes
1679 4194 1849 4262 sanctos
1866 4174 2058 4293 Angelos
2080 4179 2186 4298 ejus.

759 4325 843 4415 Sed
877 4323 1158 4444 gemebundo
1189 4344 1368 4443 pectore
1401 4322 1534 4412 modo
1569 4321 1862 4444 pertransiens
1886 4343 1938 4411 et
1965 4321 2194 4414 dimittens

759 4475 882 4595 plura
897 4469 1062 4562 referre
1078 4473 1133 4561 de
1150 4503 1220 4587 eo,
1242 4502 1334 4561 non
1360 4471 1463 4592 quia
1486 4474 1656 4588 desunt,
1675 4473 1750 4562 sed
1765 4471 1867 4593 quia
1885 4503 1977 4563 non
1995 4504 2187 4594 possum,

759 4653 857 4714 sero
880 4622 1007 4713 nimis
1037 4625 1117 4713 sub
1141 4627 1233 4746 ejus
1260 4619 1510 4713 obedientia
1533 4634 1760 4711 curvatus¹
1787 4643 1832 4711 et
1854 4619 1981 4711 nimis
2004 4622 2094 4712 cito
2116 4653 2188 4713 or-

759 4773 884 4864 batus
906 4778 999 4896 ejus
1023 4773 1137 4864 dulci
1167 4796 1212 4863 et
1237 4770 1435 4862 familiari
1459 4770 1660 4886 amicitia,
1685 4770 1828 4892 aliqua
1852 4770 2108 4862 interseram
2134 4775 2188 4864 de
