4776 6390
1391 662 1604 745 ..85-

793 869 871 962 lari
887 871 1032 962 anima
1055 903 1152 962 mea
1168 873 1326 964 taliter.
1349 878 1466 964 Bene
1482 874 1588 964 mihi
1603 874 1779 995 quidem
1796 875 1900 968 fecit
1915 883 2044 991 Deus,
2065 878 2222 970 merita

793 1023 1003 1112 excedens
1019 1044 1065 1112 et
1079 1044 1197 1138 vota,
1216 1054 1308 1112 non
1325 1025 1553 1115 attendens
1570 1024 1760 1116 miserias
1778 1049 1824 1117 et
1839 1028 2000 1150 culpas,
2016 1059 2102 1118 nec
2117 1028 2224 1119 mibi

795 1170 954 1262 faciens
984 1174 1224 1263 secundum
1255 1197 1430 1294 peccata
1461 1205 1572 1265 mea.
1609 1177 1694 1265 Sed
1726 1175 1759 1266 si
1798 1176 1846 1266 in
1884 1177 2027 1299 ipsum
2067 1179 2226 1268 coelum

794 1344 984 1443 raperet,
1011 1322 1315 1442 degenerantis
1345 1323 1479 1412 animi
1504 1346 1614 1414 esset
1639 1347 1685 1415 et
1708 1324 1852 1415 nimiae
1882 1325 2222 1448 ingratitudinis,

795 1474 886 1564 imo
899 1502 1003 1564 vero
1018 1472 1253 1594 impietatis
1271 1472 1557 1593 nequissimae,
1570 1474 1761 1565 oblivisci
1777 1497 2081 1567 maternorum
2099 1477 2224 1568 visco

796 1655 896 1715 rum
921 1623 968 1712 in
993 1624 1074 1712 hac
1096 1621 1218 1712 senili
1243 1643 1370 1712 aetate
1394 1655 1491 1743 quae
1513 1654 1584 1712 me
1604 1647 1868 1745 genuerunt.
1898 1630 1947 1716 Et
1970 1625 2080 1747 quid
2102 1628 2227 1748 ago?

797 1772 841 1865 si
865 1775 1035 1863 locutus
1060 1770 1203 1887 fuero,
1228 1804 1320 1861 non
1346 1772 1538 1892 quiescet
1562 1773 1689 1864 dolor
1720 1805 1863 1891 meus3
1892 1796 1938 1865 et
1962 1774 1997 1864 si
2025 1797 2222 1890 tacuero,

797 1953 889 2014 non
911 1923 1087 2013 recedet
1108 1954 1133 2012 a
1157 1954 1242 2012 me.
1274 1924 1480 2043 Exemplo
1504 1922 1665 2013 idcirco
1688 1925 1877 2049 ejusqui
1900 1956 2001 2016 cum
2025 1926 2225 2018 turbatus

796 2095 907 2164 esset
932 2105 1024 2163 non
1047 2073 1323 2193 loquebatur,
1345 2073 1657 2164 obmutescam.
1681 2075 1920 2166 Veritatem
1941 2097 2095 2165 tamen
2113 2075 2224 2165 hanc

794 2224 935 2315 dicam
967 2246 1013 2314 et
1042 2254 1135 2312 non
1164 2222 1366 2338 mentiar,
1402 2221 1652 2313 testimonio
1685 2223 1791 2313 mibi
1823 2224 2086 2346 perhibente
2118 2254 2221 2314 con·

795 2372 973 2464 scientia
998 2404 1110 2487 mea,
1131 2372 1250 2493 quod
1267 2372 1439 2462 tristitia
1457 2371 1563 2462 mihi
1589 2404 1746 2494 magna
1761 2395 1886 2464 estet
1902 2372 2084 2464 intimus
2098 2373 2223 2464 dolor

794 2553 925 2645 super
955 2524 1152 2612 dolorem
1180 2521 1300 2612 cordi
1332 2553 1448 2636 meo,
1473 2553 1565 2611 non
1592 2524 1733 2612 solum
1762 2552 1844 2644 pro
1876 2521 2094 2614 Fratribus
2118 2521 2223 2614 meis

794 2673 1045 2764 absentibus
1061 2671 1136 2793 qui
1153 2671 1399 2761 desiderant
1421 2671 1536 2761 diem
1561 2671 1709 2762 videre
1734 2703 1789 2762 ex
1810 2671 1900 2788 die3
1926 2671 2084 2793 quibus
2109 2702 2221 2762 non·

795 2821 903 2913 dum
934 2819 1206 2942 perforatum
1237 2841 1301 2909 est
1328 2818 1527 2910 foramen
1556 2821 1602 2911 in
1632 2851 1710 2911 ore
1743 2821 1974 2912 leviathan
2003 2843 2058 2912 ut
2087 2821 2224 2913 libere

796 2992 1020 3062 transeant
1049 2971 1133 3060 hoc
1164 3001 1284 3060 mare
1320 3001 1526 3091 magnum
1558 2993 1605 3061 et
1636 2970 1872 3092 spatiosum
1903 2969 1996 3061 sine
2027 2971 2224 3093 periculo

796 3121 949 3211 mortis
967 3131 999 3236 ι;
1019 3121 1095 3210 sed
1118 3119 1248 3210 etiam
1274 3150 1356 3241 pro
1374 3119 1478 3235 aliis,
1499 3150 1689 3241 quorum
1713 3123 1875 3211 multos
1900 3152 1985 3242 ego
2005 3120 2130 3236 novi,
2150 3118 2225 3242 qui

794 3269 1005 3362 credituri
1036 3291 1178 3360 essent
1209 3300 1287 3391 per
1318 3300 1392 3359 eos
1425 3291 1470 3359 et
1498 3292 1861 3360 converterentur
1895 3271 1951 3360 ad
1983 3269 2225 3361 Dominum

799 3425 942 3511 Deum
976 3441 1191 3534 nostrum,
1226 3419 1260 3508 si
1295 3418 1438 3538 aliqua
1480 3423 1645 3508 Domus
1684 3417 1823 3509 nostri
1863 3417 2042 3510 Ordinis
2074 3419 2124 3508 in
2152 3419 2226 3510 illa

800 3568 1026 3661 Provincia
1057 3568 1409 3683 reaedificaretur;
1436 3598 1517 3689 pro
1541 3567 1707 3690 meipso
1738 3590 1886 3658 autem
1918 3567 2042 3684 nihil,
2066 3567 2152 3659 nisi
2178 3568 2224 3660 in

794 3717 1123 3810 infirmitatibus
1144 3717 1251 3808 meis
1274 3716 1580 3839 spiritualibus.
1612 3726 1651 3807 A
1677 3716 1834 3839 quibus
1863 3739 1916 3808 ut
1942 3716 2121 3808 allevier
2145 3747 2224 3841 per

800 3866 881 3959 Dei
914 3866 1267 3982 misericordiam,
1295 3868 1406 3957 hanc
1440 3866 1710 3959 Sunamitem
1740 3898 1841 3958 cum
1867 3897 2019 3958 amore
2048 3890 2098 3958 et
2124 3897 2222 3990 gra·

797 4020 957 4114 tiarum
982 4017 1154 4110 actione
1168 4017 1324 4140 quibus
1340 4049 1512 4139 possum
1536 4019 1645 4142 (non
1662 4017 1817 4139 quibus
1833 4017 1988 4107 vellem
2005 4040 2053 4108 et
2065 4017 2222 4139 debeo)

797 4172 1049 4292 amplectar,
1068 4168 1115 4257 in
1136 4199 1210 4289 spe
1228 4167 1348 4288 quod
1371 4166 1598 4289 participet
1623 4199 1794 4258 mecum
1818 4168 1872 4257 de
1898 4165 2025 4259 bonis
2048 4168 2152 4285 suis,
2177 4191 2224 4260 et

797 4341 1015 4442 temperet
1047 4318 1244 4407 dolorem
1280 4317 1354 4437 qui
1387 4349 1444 4406 ex
1476 4340 1619 4407 morte
1650 4316 1801 4407 matris
1831 4348 1940 4407 meae
1974 4316 2144 4433 accidit,
2176 4347 2223 4408 ac

796 4471 1082 4562 incalescente
1108 4499 1188 4558 suo
1211 4489 1329 4558 tactu
1352 4464 1547 4558 refoveat
1568 4497 1743 4558 carnem
1770 4464 2017 4588 frigidarum
2043 4496 2135 4588 prm
2155 4465 2220 4557 in·

796 4618 1068 4713 veteratione
1092 4617 1139 4707 in
1161 4616 1312 4708 diebus
1337 4616 1477 4732 malis,
1508 4618 1684 4738 quando
1717 4615 1968 4708 fodiebatur
2002 4614 2221 4738 peccatori

475 4857 478 4863 ,
539 4801 586 4854 1³⁸.
598 4814 671 4866 sun,
690 4799 729 4853 o.
798 4769 945 4885 fovea3
976 4766 1218 4858 firmissime
1247 4766 1397 4882 sciens,
1428 4768 1548 4888 quod
1571 4766 1641 4856 hic
1665 4766 1779 4856 etin
1804 4766 1927 4856 omni
1949 4766 2070 4858 tribu
2095 4765 2221 4859 lsrael
