1481 1781
541 420 662 447 CAPUT
687 421 874 453 QUARTUM

405 516 440 542 De
453 520 527 542 sancto
539 520 559 542 et
572 515 662 543 discreto
676 517 781 551 regimine
796 517 882 543 Prioris
896 517 919 543 in
933 516 1010 552 officiis

575 565 595 586 et
605 560 722 587 virtutibus
734 560 837 596 ejusdem.

437 757 508 780 omnis
524 758 624 788 principii
640 758 705 781 debet
719 766 764 780 esse
778 758 843 788 finis),
858 758 957 781 socialem
973 758 1064 788 diligens

436 795 503 818 vitam
511 803 560 817 cum
575 795 682 818 Fratribus
697 804 701 818 :
715 803 766 818 nam
776 796 801 818 in
810 803 848 818 sua
856 796 983 826 praelatione
992 796 1063 818 hono-

437 840 471 855 res
482 832 512 855 illi
525 840 571 855 non
582 833 696 855 mutabant
709 840 787 862 mores,
803 833 853 863 quia
864 841 920 855 unus
931 839 997 863 atque
1006 833 1063 856 idem

350 878 435 902 semper
442 870 530 899 mansit3
541 878 623 893 cornua
632 878 745 901 nunquam
755 870 794 893 sibi
803 870 877 893 erexit.
885 870 906 893 Si
916 870 963 901 quis
972 870 1064 893 fortuito

351 909 470 931 Dominum
483 916 534 931 eum
547 914 649 937 vocasset,
659 914 697 931 aut
709 908 804 938 aliquam
817 908 911 931 nominis
922 908 1063 938 magnificen-

350 946 401 969 tiam
414 946 434 968 ei
445 945 588 976 imposuisset,
598 953 655 976 aegre
668 946 725 974 tulit,
738 946 768 968 ita
780 952 806 968 ut
818 945 841 968 id
850 945 922 968 statim
935 946 1064 976 reprimeret

350 983 422 1006 dicens
437 992 441 1006 :
457 993 468 1004 ι
481 985 532 1006 Non
544 983 593 1005 licet
606 983 695 1013 pauperi
708 984 816 1006 monacho
833 982 963 1006 Carnisiano
975 983 1064 1006 dilatare

350 1021 453 1049 fimbrias,
463 1026 501 1043 aut
513 1021 584 1043 vocari
593 1021 620 1043 ab
628 1021 753 1043 horninibus
763 1021 838 1043 Rabbi.
852 1030 863 1041 ιι
877 1021 1064 1051 Quotiescumque
1094 1026 1144 1039 unm.
1151 1029 1189 1042 mn,
1196 1026 1208 1039 ’ἢ

349 1064 422 1081 autem
436 1060 518 1081 Fratres
534 1066 556 1081 se
571 1058 642 1080 eidem
653 1058 793 1087 inclinabant,
813 1058 836 1081 in
853 1066 955 1088 magnam
966 1058 1064 1089 suiipsius

349 1096 391 1118 hoc
407 1095 489 1126 accepit
504 1096 689 1125 humiliationem5
707 1101 805 1118 attamen
821 1096 911 1126 jubebat
927 1095 957 1118 eis
972 1102 998 1118 ut
1012 1096 1064 1118 tales

349 1133 500 1156 inclinationes
512 1133 635 1155 nuliatenus
645 1133 781 1156 omitterent.
797 1142 809 1154 ox
822 1134 914 1163 Propter
928 1141 972 1161 vos,
983 1133 1063 1163 inquit,

349 1171 380 1193 ita
391 1170 429 1193 fiat
439 1176 462 1193 et
473 1170 529 1193 filios
537 1176 626 1199 vestros,
637 1178 665 1193 ne
677 1170 758 1193 inculta
771 1170 799 1193 sit
810 1176 868 1193 terra
881 1176 965 1199 nostra;
980 1172 1064 1193 Statum

349 1214 424 1231 nostra
434 1207 465 1230 ita
475 1208 600 1237 hortantur,
613 1214 636 1230 et
647 1215 731 1230 sacrum
744 1208 858 1238 eloquium
871 1215 917 1230 non
932 1209 1002 1230 solum
1014 1215 1063 1238 per-

348 1245 424 1274 mittit,
437 1252 514 1268 verum
525 1245 591 1268 etiam
599 1245 647 1268 fieri
655 1245 724 1276 jubet.
735 1255 747 1266 ι
761 1246 859 1276 Rogabat
867 1253 912 1274 eos,
922 1251 948 1268 ut
958 1245 981 1267 in
988 1246 1063 1276 hujus-

347 1283 433 1305 cemodi
449 1282 582 1310 oeremoniis
599 1282 638 1305 sibi
653 1282 746 1305 invicem
762 1288 802 1305 aut
818 1282 879 1305 alteri
895 1282 1004 1310 exhibitis,
1017 1290 1063 1305 non

375 723 412 861 I
437 721 484 742 STE
494 720 622 743 venerabilis
629 722 692 743 Pater
700 721 815 751 profunda
823 720 863 743 fuit
872 721 999 743 humilitatis
1007 721 1063 751 (quae
1078 729 1141 757 ‘3373'-
1146 728 1208 745 :jun-u.
