4776 6390
1001 1315 1246 1424 CAPUT
1289 1317 1618 1425 DECIMUM
1657 1319 1972 1426 TERTIUM

795 1698 868 1802 De
902 1694 1088 1804 dnornrn
1115 1696 1383 1807 residuorum
1410 1704 1626 1809 Fratrum
1654 1703 1939 1845 suspensione,
1969 1720 2011 1807 et
2032 1699 2175 1838 finali

1076 1877 1325 1983 Conventus
1350 1894 1391 1981 et
1418 1881 1592 1985 Domus
1617 1875 1888 1984 desolatione.

1030 2816 1166 2907 rectio
1186 2817 1304 2937 vulgi
1325 2829 1334 2864 ¹
1359 2819 1584 2909 adversum
1605 2826 1781 2940 Regem.
1797 2825 1900 2929 Qua
1915 2822 2077 2938 sedata,
2099 2821 2198 2944 qui-

1030 2968 1129 3056 dam
1155 2966 1335 3081 Nobilis,
1362 2967 1525 3058 vicinus
1552 2968 1611 3057 illi
1645 2969 1805 3058 Domui
1829 2969 1904 3060 ubi
1928 2971 2017 3061 duo
2039 2974 2198 3094 praedi-

768 3142 939 3210 ctorum
964 3140 1154 3241 quatuor
1180 3115 1471 3236 dispersorum
1506 3123 1698 3208 Fratrum
1721 3118 2071 3240 hospitabantur,
2091 3123 2200 3214 adiit

1032 2519 1286 2606 RAETEREA
1312 2517 1417 2607 dum
1458 2520 1550 2609 haec
1582 2519 1643 2610 ita
1674 2518 1784 2610 circa
1824 2550 1904 2610 nos
1941 2543 2197 2642 agerentur,

784 2529 995 3080 P
1031 2663 1142 2757 facta
1172 2689 1237 2756 est
1265 2668 1504 2758 commotio
1536 2700 1694 2790 magna
1724 2668 1770 2758 in
1802 2700 1957 2790 regno,
1983 2692 2028 2761 et
2054 2671 2199 2762 insur-

767 3267 995 3390 praefatum
1031 3266 1155 3388 Regis
1180 3266 1414 3382 vicarium,
1440 3299 1676 3388 suggerens
1708 3268 1749 3357 ei
1782 3269 1877 3359 illos
1905 3270 2014 3360 duos
2041 3304 2197 3364 mona-

768 3419 870 3509 chos
909 3417 1188 3509 Castusianos
1231 3421 1395 3506 Domus
1439 3417 1762 3534 londoniensis,
1797 3451 1906 3541 quos
1936 3420 2114 3512 miserat
2152 3422 2199 3514 in

768 3568 895 3659 aliam
913 3574 1105 3658 Domum
1120 3568 1314 3691 ejusdem
1332 3565 1511 3657 Ordinis
1526 3597 1663 3688 prope
1680 3567 1824 3658 villam
1842 3570 1897 3658 de
1915 3572 2034 3687 Hull‚
2055 3573 2199 3665 adhuc

767 3719 994 3809 rebellasse
1024 3720 1224 3807 nolentes
1251 3716 1431 3807 obedire
1464 3716 1588 3837 Regis
1617 3717 1818 3840 imperio.
1852 3721 1988 3828 Quod
2006 3697 2089 3810 'ille
2119 3753 2198 3813 au·

767 3869 903 3983 diens,
931 3867 1050 3958 dedit
1082 3867 1122 3957 ei
1153 3888 1414 3988 potestatem
1454 3867 1666 3958 tractandi
1704 3900 1778 3958 eos
1812 3870 2049 3960 secundum
2090 3872 2199 3994 legis

766 4016 973 4138 rigorem.
1005 4016 1096 4126 Qui
1122 4017 1365 4106 desiderata
1399 4039 1443 4106 et
1473 4039 1713 4140 praeoptato
1742 4022 1855 4142 jussa
1884 4021 2196 4140 completurus,

766 4166 947 4257 adduxit
977 4198 1052 4256 eos
1084 4165 1199 4256 foras
1230 4166 1277 4257 in
1310 4165 1528 4256 civitatem
1569 4168 1896 4284 Eboracensem‚
1932 4169 2007 4260 ubi
2045 4201 2200 4264 coram

766 4317 875 4406 duce
905 4314 1148 4431 Norfolciae‚
1169 4315 1432 4436 intempore
1453 4316 1627 4440 (scilicet
1644 4316 1800 4439 quinto
1825 4318 1923 4409 ldus
1941 4319 2055 4433 Maii,
2076 4352 2199 4414 anno

506 4500 573 4552 nuc.
591 4513 639 4563 ιιι,
655 4513 698 4564 42.
768 4465 945 4556 Domini
969 4466 1096 4591 1537)
1113 4465 1244 4556 tritici
1260 4466 1544 4557 reddiderunt
1560 4498 1823 4558 mensuram.
1846 4470 2046 4590 Suspensi
2069 4495 2200 4564 erant

510 4634 565 4685 nn
590 4633 647 4684 ⁶1¹0
670 4633 736 4708 Car.-
764 4615 810 4706 in
834 4615 995 4707 catenis
1010 4629 1040 4732 ²,
1070 4617 1210 4706 donec
1240 4615 1389 4706 omnia
1418 4647 1512 4706 ossa
1544 4648 1700 4708 eorum
1726 4618 1781 4708 ab
1803 4617 1989 4708 invicem
2020 4621 2194 4712 decide·

474 4696 574 4748 tusiani
599 4710 737 4762 suspensi.

763 4789 878 4858 rent.
909 4772 1080 4857 Horum
1104 4765 1285 4856 nomina
1310 4764 1505 4883 luerunt,
1524 4772 1712 4857 loannes
1739 4768 1973 4858 Rochester
1997 4791 2043 4860 et
2067 4777 2195 4863 Jaco-
