4776 6390
992 701 1233 782 ..109-

402 883 627 976 necessitas
656 884 867 1006 compulit
896 915 1257 1006 unumquemque
1286 915 1367 1006 pro
1402 917 1447 975 se
1478 885 1694 977 rationem
1726 891 1824 979 red-

399 1038 501 1126 dere
547 1060 594 1126 et
629 1065 759 1157 super
797 1034 1038 1125 custodiam
1082 1034 1279 1155 suiipsius
1321 1059 1449 1151 stare,
1487 1037 1691 1129 omnibus
1735 1039 1826 1130 aliis

399 1186 669 1311 adjutoribus
692 1184 931 1275 interdictis
953 1208 999 1274 et
1020 1217 1046 1275 a
1066 1184 1192 1275 nobis
1216 1185 1410 1277 exclusis.
1434 1193 1545 1277 Nam
1568 1218 1659 1277 non
1675 1189 1825 1279 deerat

398 1358 619 1427 certamen
632 1335 773 1451 nobis,
792 1367 849 1424 ne
865 1365 952 1425 una
969 1334 1147 1455 quidem
1163 1334 1273 1424 hora
1291 1365 1370 1456 per
1387 1359 1577 1457 quatuor
1593 1337 1824 1429 continuos

399 1515 536 1576 annos
557 1485 799 1607 praeteritos
812 1497 840 1600 ¹,
861 1516 947 1605 qua
971 1516 996 1574 a
1019 1484 1373 1576 tribulationibus
1394 1485 1520 1575 liberi
1544 1517 1634 1576 esse
1657 1489 1822 1608 potuis·

400 1666 560 1751 semus3
593 1658 670 1725 aut
698 1633 803 1725 foris
834 1656 961 1724 erant
990 1657 1152 1755 apertae
1184 1665 1358 1756 pugnae,
1392 1658 1468 1725 aut
1500 1635 1616 1725 intus
1644 1637 1823 1727 timores
1879 1661 1918 1714 11-
1932 1664 1996 1715 cor·
2011 1677 2057 1728 vu,
2075 1666 2099 1718 ⁵·

400 1814 488 1906 prae
508 1783 830 1906 exspectatione
854 1807 1179 1905 superventurae
1196 1783 1499 1875 tribulationis.
1522 1790 1639 1875 Mors
1655 1786 1821 1876 deside·
1879 1817 1965 1883 Aroc-
1981 1832 2016 1881 ιι,
2029 1817 2055 1868 ⁶·

401 1934 577 2024 rabatur
614 1934 688 2022 sed
728 1930 925 2052 fugiebat
955 1964 980 2022 a
1012 1932 1153 2046 nobis,
1192 1963 1293 2021 nam
1333 1933 1463 2022 taedio
1500 1964 1579 2024 nos
1618 1965 1822 2055 superare

399 2082 666 2174 nitebantur.
704 2081 924 2203 Praepositi
955 2081 1157 2202 regimini
1192 2087 1371 2197 Domus,
1401 2113 1427 2171 a
1457 2083 1656 2203 captione
1688 2084 1822 2174 sancti

399 2229 555 2322 Vicarii
577 2253 624 2320 et
643 2261 823 2321 suorum
844 2230 1076 2345 sociorum,
1101 2252 1226 2320 erant
1243 2232 1331 2320 duo
1357 2234 1575 2321 saeculares
1598 2233 1672 2353 qui
1690 2264 1821 2324 saecu-

398 2381 561 2497 lariter,
581 2380 831 2472 secundarie
854 2404 899 2471 et
921 2379 1107 2470 nimium
1128 2379 1366 2471 inhumane
1389 2404 1684 2473 tractaverunt
1700 2389 1821 2475 Con·

398 2553 592 2621 ventum.
624 2529 859 2620 Pascebant
884 2528 1135 2649 semetipsos
1170 2529 1268 2619 satis
1296 2531 1490 2646 delicate,
1514 2532 1588 2620 sed
1614 2537 1821 2623 Conven-

398 2702 492 2770 tum
515 2676 629 2769 fame
653 2701 698 2768 et
714 2678 782 2768 siti
806 2702 1032 2799 paverunt.
1060 2676 1329 2770 Auferebant
1350 2679 1469 2769 enim
1492 2679 1650 2771 cibaria
1671 2682 1818 2799 abeis,

398 2828 710 2919 constituentes
744 2828 804 2918 eis
833 2858 986 2949 parum
1020 2828 1129 2918 casei
1157 2852 1234 2918 aut
1259 2829 1477 2919 modicum
1504 2829 1609 2950 quid
1632 2832 1717 2919 tale
1740 2861 1822 2951 pro

397 2975 601 3068 alimonia
623 2977 817 3098 qualibet
839 2977 926 3092 die;
947 2977 1288 3067 introduxerunt
1304 3009 1481 3099 quoque
1506 3010 1597 3068 non
1617 2980 1822 3070 Hebraeos

396 3126 471 3216 sed
486 3126 645 3242 ebrios,
672 3157 763 3215 non
788 3158 813 3216 a
835 3126 939 3217 vino
961 3128 1076 3217 seda
1094 3127 1270 3242 malitia,
1291 3126 1366 3248 qui
1390 3127 1622 3218 illuderent
1645 3151 1690 3218 et
1706 3131 1820 3220 cola·

397 3274 493 3395 phis
526 3277 748 3366 coederent
784 3307 865 3366 nos
902 3276 1165 3397 ubicumque
1197 3299 1439 3397 potuerunt
1470 3279 1817 3398 apprehendere,

397 3424 745 3516 subintroierunt
788 3448 833 3514 et
875 3424 961 3539 alii,
1002 3424 1269 3545 exploraturi
1315 3425 1562 3515 libertatem
1608 3450 1816 3517 nostram.

399 3573 640 3664 Habuimus
662 3597 812 3664 tamen
835 3596 1001 3663 tantam
1026 3573 1227 3663 fiduciam
1256 3597 1301 3663 et
1332 3574 1569 3690 audaciam,
1590 3577 1710 3696 quod
1731 3575 1820 3666 ausi

396 3721 558 3814 fuimus
583 3722 812 3845 Scripturis
835 3745 880 3812 et
903 3721 1143 3813 rationibus
1164 3723 1367 3814 dimicare
1397 3746 1549 3814 contra
1579 3727 1710 3814 talem
1739 3732 1820 3813 Re-

397 3903 513 3993 gem.
547 3878 749 3994 Cumque
775 3871 1037 3992 reperissent
1059 3873 1178 3992 quod
1202 3871 1313 3987 fons,
1347 3873 1422 3994 qui
1446 3871 1657 3964 influebat
1679 3905 1820 3995 aquae·
1879 3905 1974 3956 auctu
1987 3920 2035 3966 vu,
2053 3905 2078 3957 s.

397 4025 576 4114 ductum
598 4045 797 4113 nostrum
812 4022 1114 4145 (constantiam
1134 4021 1230 4112 dico
1252 4045 1298 4111 et
1321 4020 1623 4112 fortitudinem
1646 4023 1819 4113 illorum

397 4173 472 4293 qui
495 4202 586 4260 non
608 4169 889 4291 ceciderunt),
918 4194 1089 4291 aparte
1114 4170 1288 4261 australi
1320 4194 1444 4265 extra
1476 4174 1693 4266 civitatem
1717 4176 1820 4267 diri·

393 4325 573 4441 geretur
585 4319 633 4409 in
656 4351 734 4410 nos
756 4321 875 4442 (nam
892 4350 973 4440 per
989 4320 1182 4440 gladium
1198 4321 1387 4442 spiritus,
1408 4325 1527 4444 quod
1551 4348 1616 4414 est
1636 4327 1820 4417 verbum
1879 4362 1977 4428 apres.
1993 4378 2029 4425 vr,
2050 4379 2089 4428 η.

398 4469 478 4559 Dei
517 4492 562 4559 et
601 4468 902 4560 testimonium
941 4471 1295 4561 authenticorum
1330 4478 1586 4589 Doctorum,
1613 4473 1820 4564 defende·

395 4618 503 4708 bant
531 4651 575 4709 se
604 4619 786 4711 viriliter
823 4625 1003 4735 Fratres,
1032 4619 1169 4740 parati
1200 4651 1371 4741 semper
1400 4623 1456 4711 ad
1487 4621 1819 4713 satisfactionem

393 4766 517 4857 omni
546 4769 739 4889 poscenti
766 4800 840 4858 eos
864 4768 1081 4858 rationem
1108 4768 1163 4856 de
1187 4799 1238 4858 ea
1263 4801 1360 4889 quae
1385 4793 1479 4861 erat
1500 4772 1546 4861 in
1568 4770 1644 4887 eis,
1669 4772 1755 4861 fide
1776 4796 1821 4862 et
