4740 6414
1212 680 1454 760 ..124..

622 865 823 988 migravit
852 897 908 958 ex
936 867 1018 957 hac
1050 865 1200 957 vita.»
1233 871 1619 986 Interrogatusque
1649 864 1875 984 quomodo
1906 894 2054 954 secum

621 1040 731 1108 esset
754 1039 921 1107 etcum
946 1015 1143 1107 Patribus
1164 1015 1354 1107 nostris:
1392 1052 1415 1100 ι
1441 1019 1576 1128 Bene,
1595 1012 1670 1129 ait,
1698 1044 1871 1103 mecum
1896 1035 1974 1104 est.
2003 1018 2055 1105 ln

621 1167 782 1260 coelesti
804 1166 943 1288 gloria
964 1196 1076 1282 sum,
1096 1163 1245 1257 fruens
1273 1165 1354 1256 Dei
1377 1163 1543 1255 visione
1564 1161 1768 1283 gloriosa,
1787 1161 1946 1283 gratias
1967 1194 2055 1284 ago

623 1325 718 1410 Deo
752 1350 874 1432 meo;
907 1315 1057 1407 sedin
1092 1316 1234 1406 multo
1264 1313 1424 1406 minori
1465 1335 1511 1403 et
1546 1310 1748 1402 inferiori
1777 1312 1917 1433 gloria
1954 1344 2054 1404 sum

621 1466 879 1558 constitutus
895 1496 1025 1587 quam
1047 1471 1194 1555 Patres
1210 1465 1347 1555 nostri
1366 1462 1441 1586 qui
1457 1461 1567 1585 passi
1584 1484 1687 1552 sunt
1706 1495 1716 1551 ε
1736 1461 1799 1552 illi
1814 1461 1935 1552 enim
1950 1484 2056 1553 sunt

620 1616 667 1707 in
699 1647 858 1736 magna
884 1614 1037 1736 gloria,
1066 1646 1148 1736 pro
1177 1614 1375 1737 martyrii
1400 1614 1544 1736 palma
1573 1610 1771 1701 coronati
1797 1645 1808 1728 ;
1843 1634 1889 1702 et
1925 1619 2056 1702 Pater

621 1789 771 1857 noster
797 1765 920 1857 Prior
942 1766 1071 1889 hujus
1095 1769 1261 1854 Domus
1282 1765 1415 1855 habet
1436 1791 1572 1853 unam
1589 1791 1799 1850 coronam
1819 1791 1910 1883 prae
1935 1783 2052 1852 cete·

621 1916 679 2006 ris
700 1915 1053 2039 splendidiorem.
1074 1951 1098 1998 n
1125 1920 1220 2005 Hoc
1237 1914 1352 2005 dicto
1370 1909 1594 2035 disparuit.

685 2220 787 2305 Haec
820 2214 926 2306 visio
964 2215 1245 2336 postmodum
1281 2217 1418 2305 relata
1457 2213 1541 2307 suit
1580 2216 1847 2309 Consiliariis
1884 2217 2053 2310 domini

624 2365 763 2487 Regis,
797 2364 872 2487 qui
904 2364 1110 2455 accersito
1143 2370 1287 2455 Fratre
1322 2365 1391 2456 cui
1423 2390 1595 2457 ostensa
1626 2365 1731 2484 fuit,
1762 2389 1865 2489 post
1894 2369 2052 2459 multas

621 2514 920 2637 inquisitiones
949 2536 995 2604 et
1022 2513 1382 2634 exprobrationes
1412 2515 1667 2606 comminati
1694 2517 1796 2607 sunt
1821 2516 1862 2607 ei
1882 2548 1940 2607 ne
1962 2518 2052 2608 cui·

622 2696 753 2786 quam
786 2694 883 2753 eam
908 2663 1131 2754 intimaret
1144 2677 1171 2754 ¹.
1200 2669 1363 2755 Vestrae
1389 2688 1537 2756 tamen
1564 2666 1819 2757 Paternitati
1841 2667 1959 2757 illam
1981 2698 2050 2759 re·

621 2814 717 2930 tuli,
746 2845 836 2935 quo
868 2813 1100 2904 certiorem
1135 2844 1231 2904 eam
1271 2812 1457 2905 facerem
1491 2817 1545 2906 de
1577 2816 1718 2937 gloria
1748 2816 2052 2909 retributionis

622 2994 777 3054 eorum
799 2961 845 3053 in
868 2962 1120 3052 haereditate
1146 2962 1339 3079 Domini,
1361 2965 1532 3055 tametsi
1555 2965 1627 3056 illa
1652 2997 1733 3088 per
1748 2968 1892 3088 legem
1916 2967 2052 3089 magis

622 3140 668 3208 et
690 3115 938 3208 testimonia
958 3115 1231 3205 innotescere
1249 3137 1395 3236 queat,
1416 3145 1517 3205 cum
1532 3115 1641 3237 passi
1667 3114 1753 3206 sint
1768 3147 1851 3239 pro
1866 3117 2051 3208 veritate

622 3289 668 3357 et
682 3265 845 3391 justitia
861 3264 929 3355 cui
946 3297 1002 3354 ex
1012 3264 1161 3356 debito
1177 3263 1472 3386 promissionis
1489 3264 1643 3354 divinae
1658 3265 1845 3355 debetur
1859 3295 2049 3387 regnum

622 3418 861 3506 coelorum:
892 3416 946 3505 de
971 3445 1057 3536 qua
1078 3414 1242 3538 justitia
1265 3413 1486 3503 dissonum
1512 3436 1576 3504 est
1597 3445 1669 3502 me
1692 3415 1826 3536 loqui,
1847 3446 1947 3505 cum
1970 3414 2052 3506 sim

621 3566 805 3690 injustus
821 3587 867 3655 et
881 3596 979 3655 eam
1000 3565 1227 3686 dereliqui.
1254 3570 1303 3655 Et
1322 3586 1440 3654 certe
1466 3564 1498 3654 si
1521 3566 1777 3656 erubescere
1799 3597 1985 3688 possem,
2005 3588 2053 3657 et

622 3714 728 3806 mihi
750 3746 842 3805 non
864 3736 975 3806 esset
999 3744 1075 3805 cor
1096 3745 1277 3836 pravum
1306 3736 1352 3804 et
1376 3714 1632 3835 malignum,
1657 3714 1748 3804 imo
1768 3714 2049 3832 diabolicum,

623 3864 730 3955 mihi
754 3894 842 3986 prae
866 3864 1017 3953 dolore
1040 3885 1087 3953 et
1111 3860 1367 3953 confusione
1392 3861 1529 3982 magis
1551 3863 1708 3953 liberet
1727 3865 1900 3984 plorare
1918 3894 2052 3985 quam

623 4013 824 4130 scribere,
844 4012 1133 4104 consideranti
1159 4012 1234 4104 ubi
1261 4044 1356 4103 sum
1379 4033 1426 4101 et
1447 4011 1523 4102 ubi
1544 4042 1636 4101 non
1661 4044 1773 4129 sum,
1795 4045 1890 4134 quae
1906 4013 2052 4104 habeo

623 4186 669 4254 et
692 4195 788 4285 quae
810 4162 946 4280 amisi,
969 4194 1060 4284 quo
1082 4164 1218 4253 tendo
1245 4184 1291 4252 et
1315 4163 1433 4252 unde
1460 4163 1684 4252 excludor.
1711 4163 1796 4252 Sed
1819 4163 2053 4253 condoleat

623 4316 820 4429 obsecro,
842 4311 1041 4403 sanctitas
1066 4334 1223 4428 vestra,
1249 4311 1431 4402 miseriae
1462 4343 1585 4428 meae‚
1612 4334 1658 4402 et
1683 4312 1912 4403 subveniat
1944 4311 2052 4402 mibi

622 4463 739 4583 apud
759 4461 1026 4553 Altissimum
1049 4461 1134 4552 suis
1156 4460 1310 4552 sanctis
1333 4459 1616 4574 orationibus,
1636 4492 1693 4551 ne
1712 4461 1925 4552 Dominus
1947 4491 2050 4552 eru·

422 4651 537 4701 ·1x‚2·
623 4613 767 4703 bescat
802 4642 873 4700 me
910 4610 1211 4703 cumvenerit
1245 4610 1292 4701 in
1328 4614 1552 4736 majestate
1586 4642 1664 4701 sua
1696 4641 1843 4702 coram
1876 4616 1973 4701 Deo
2004 4633 2052 4702 et

622 4761 785 4882 angelis
810 4761 911 4879 suis,
939 4793 1070 4883 quem
1101 4792 1185 4883 ego
1215 4760 1513 4882 multipliciter
1544 4759 1700 4852 erubui
1729 4782 1776 4850 et
1808 4760 2052 4851 enormiter
