4776 6390
919 764 925 775 .
1076 683 1304 741 ..XVI-

477 870 826 974 asseveranda
857 869 1079 974 veritate
1107 870 1443 1010 oppetierant
1475 871 1555 974 illi
1582 872 1684 978 viri
1712 872 1904 999 fortes,

477 1072 598 1139 cum
613 1037 668 1138 in
687 1072 873 1139 eorum
894 1036 1155 1139 honorem
1180 1061 1239 1139 ut
1265 1037 1396 1172 quid
1420 1035 1723 1143 efficeretur
1746 1076 1903 1145 exac-

477 1228 590 1304 tum
618 1200 1040 1341 perfectumque,
1075 1230 1339 1305 annuente
1366 1202 1636 1344 Gregorio
1668 1203 1807 1330 Xlll,
1845 1207 1899 1311 P.

479 1366 572 1489 M„
607 1365 973 1507 probatissimi
1001 1367 1226 1471 artifices
1253 1369 1394 1473 inter
1421 1406 1477 1473 se
1510 1371 1866 1477 decertarunt.

549 1533 661 1637 Nec
690 1535 815 1637 satis
843 1534 1143 1637 habuerunt
1169 1536 1386 1674 sculptis
1417 1562 1509 1638 aut
1535 1537 1691 1677 pictis
1720 1539 1904 1679 imagi·

477 1699 650 1822 nibus,
683 1736 802 1838 quae
836 1736 897 1802 os
934 1699 1133 1802 habent
1160 1727 1214 1802 et
1242 1737 1349 1803 non
1380 1701 1694 1841 loquuntur,
1724 1730 1901 1810 tantos

477 1866 624 1973 viros
658 1866 948 1988 celebrare3
979 1866 1177 2005 scripta
1204 1867 1345 1969 enim
1376 1870 1540 2007 magis
1572 1869 1777 1973 animos
1805 1865 1906 2011 pess

478 2060 687 2136 netrare
713 2058 767 2135 et
787 2032 941 2134 altius
970 2033 1235 2135 mentibus
1264 2032 1415 2172 infigi
1443 2034 1899 2159 existimaverunt,

477 2227 529 2304 et
562 2199 684 2302 ideo
716 2199 892 2301 nullus
924 2197 1026 2300 fuit
1058 2236 1263 2304 coaevus
1292 2200 1635 2304 historiarum
1669 2201 1903 2341 scriptor

477 2366 570 2503 qui
618 2364 852 2468 cohortis
895 2365 1102 2471 invictae
1143 2366 1328 2470 laudes
1371 2394 1423 2469 et
1461 2367 1747 2470 certamina
1787 2404 1900 2472 non

477 2533 743 2636 extulerit.

550 2866 755 2968 Primus
791 2865 939 2967 locus
976 2864 1180 2966 dandus
1213 2891 1291 2966 est
1319 2865 1504 2968 libello
1540 2864 1626 2967 cui
1665 2865 1897 2969 titulus:

476 3035 679 3140 Historia
727 3030 894 3172 aliquot
943 3034 1078 3136 nostri
1124 3029 1273 3135 saeculi
1320 3037 1598 3172 Martyrum,
1651 3031 1734 3139 Ibi
1788 3032 1899 3171 agi-

477 3227 566 3301 tur
589 3200 655 3301 de
684 3198 931 3336 passione
972 3196 1270 3300 octodecim
1299 3196 1761 3321 Cartusianorum,
1804 3198 1900 3336 qui

476 3367 616 3469 inter
672 3391 877 3466 ceteros
945 3362 1364 3465 innocentissimi
1429 3363 1706 3470 habentur.
1773 3361 1900 3467 lllos

477 3532 637 3653 enim,
668 3530 816 3632 nullo
853 3531 957 3632 alio
1000 3529 1213 3632 nomine
1254 3566 1438 3668 passos
1485 3566 1600 3632 esse
1639 3567 1799 3666 quam
1847 3530 1900 3633 in

477 3699 662 3802 odium
709 3695 983 3799 catholicae
1027 3695 1152 3797 fidei
1198 3695 1436 3800 veritatis
1480 3696 1534 3798 in
1574 3722 1760 3836 aperto
1801 3723 1897 3819 est,

477 3864 679 4005 quippe
700 3862 811 4000 qui,
833 3899 959 3967 vere
981 3863 1229 3985 eremitae,
1253 3902 1282 3966 a
1309 3862 1470 3965 rebus
1489 3863 1724 4002 politicis
1742 3900 1899 4003 pror·

475 4066 563 4134 sus
602 4027 915 4131 abstineant.
948 4027 1107 4135 Unde
1136 4056 1239 4130 tam
1269 4028 1470 4133 nefarie
1505 4057 1756 4132 mactatos
1785 4030 1898 4132 An·

476 4196 552 4336 gli
580 4231 781 4315 omnes,
804 4193 848 4295 si
879 4229 1079 4336 paucos
1109 4195 1339 4334 excipias
1368 4197 1785 4318 scelestissimos,
1805 4196 1898 4300 de·

474 4363 756 4470 fleverunt.

548 4530 701 4635 Unus
748 4555 922 4633 autem
969 4565 998 4631 e
1038 4529 1326 4652 monachis,
1358 4529 1444 4631 cui
1489 4554 1751 4668 praerepta
1796 4526 1901 4632 fuit

477 4696 716 4837 martyrii
766 4732 981 4816 corona,
1027 4693 1308 4799 Mauritius
1354 4694 1614 4835 Chauncy
1661 4694 1896 4817 nomine,
