4776 6390
320 1792 454 1844 Cantatur
492 1806 534 1843 sa·

272 1871 353 1907 crum
377 1857 411 1906 de
429 1855 534 1920 Spiritu

273 1920 372 1992 Srncto
396 1933 447 1992 pro
462 1916 534 1968 felici

273 1996 312 2031 ret
327 1994 461 2044 auspicio.

303 3290 384 3342 Joan.
401 3304 443 3352 ιιι,
458 3290 483 3342 8.

304 3892 386 3944 Νιιιιι.
398 3907 434 3957 11,
444 3889 535 3944 25-26.

1170 654 1384 762 ..95-

560 862 606 953 in
632 867 868 952 Conventu
890 862 1148 953 celebranda
1169 886 1277 979 erat,
1303 864 1487 985 ipsemet
1511 865 1693 956 devotus
1719 871 1849 955 Pater
1869 863 1995 954 Prior

561 1010 816 1134 praeparavit
850 1042 893 1101 se
927 1013 980 1101 ad
1011 1011 1126 1102 illam
1161 1014 1503 1134 persolvendam.
1550 1020 1599 1105 ln
1635 1020 1757 1138 cujus
1791 1036 1995 1135 tempore

563 1161 713 1275 Missae,
734 1161 934 1281 dignatus
959 1184 1024 1251 est
1049 1162 1329 1283 omnipotens
1351 1186 1396 1253 et
1420 1163 1661 1254 misericors
1689 1169 1803 1253 Deus
1822 1163 1936 1252 mira
1951 1184 1996 1252 et

561 1310 794 1402 ineffabilia
818 1311 1005 1432 operari.
1042 1318 1368 1402 Sacramentum
1388 1312 1512 1434 Regis
1535 1314 1798 1403 abscondere
1823 1313 1994 1403 bonum

561 1483 641 1576 est,
662 1491 795 1581 opera
814 1483 960 1549 autem
986 1461 1064 1550 Dei
1089 1464 1280 1552 revelare
1305 1484 1350 1551 et
1375 1462 1574 1552 confiteri
1590 1462 1886 1553 honorificum
1903 1484 1991 1576 est;

562 1610 848 1701 manifestabo
885 1641 993 1733 ergo
1025 1611 1269 1728 veritatem,
1305 1634 1350 1701 et
1388 1643 1480 1701 non
1520 1612 1781 1702 abscondam
1813 1643 1840 1701 a
1871 1610 1996 1702 vobis

562 1763 780 1850 occultum
805 1790 1067 1850 sermonem.
1098 1766 1147 1851 In
1169 1761 1241 1851 illa
1263 1761 1539 1852 conventuali
1565 1760 1705 1876 Missa,
1730 1762 1996 1853 sanctissima

562 1909 805 2000 elevatione
835 1933 1022 2030 peracta,
1061 1910 1206 2000 sibilus
1241 1910 1415 2033 quidam
1455 1940 1570 2000 aurae
1611 1910 1768 2026 tenuis,
1802 1911 1995 2002 exterius

562 2061 786 2183 paululum
812 2089 983 2172 sonans,
1004 2058 1186 2149 interius
1203 2090 1308 2149 vero
1332 2062 1519 2149 multum
1537 2090 1737 2180 operans,
1756 2091 1781 2150 a
1797 2061 1994 2181 pluribus

562 2209 799 2332 percipitur
821 2230 866 2297 et
890 2208 1065 2297 auditur
1086 2207 1261 2299 auribus
1286 2207 1494 2329 corporis,
1515 2230 1561 2297 et
1582 2209 1638 2298 ab
1660 2208 1870 2299 omnibus
1896 2241 1992 2300 sen-

563 2360 671 2450 titur
696 2381 741 2448 et
764 2357 964 2448 hauritur
980 2357 1153 2447 auribus
1170 2358 1324 2448 cordis.
1347 2362 1483 2481 Cujus
1503 2356 1615 2447 dulci
1634 2358 1936 2449 modulatione
1950 2382 1994 2449 et

562 2542 671 2601 sono
704 2507 960 2599 venerabilis
999 2512 1125 2596 Pater
1154 2507 1277 2596 Prior
1307 2529 1458 2622 tactus,
1482 2507 1528 2596 in
1554 2529 1721 2597 tantam
1749 2530 1814 2598 est
1838 2508 1994 2598 divinae

562 2657 857 2750 illustrationis
886 2655 1055 2777 copiam
1086 2679 1131 2746 et
1160 2659 1449 2776 lacrymarum
1482 2657 1796 2746 abundantiam
1824 2661 1991 2748 resolu-

562 2832 643 2922 tus,
673 2809 792 2930 quod
823 2837 902 2927 per
929 2808 1105 2926 longam
1139 2836 1308 2895 moram
1338 2805 1384 2894 in
1417 2803 1562 2894 officio
1595 2805 1730 2896 Missae
1755 2806 1994 2928 procedere

562 2958 786 3080 nequibat.
823 2962 1079 3047 Conventus
1113 2987 1290 3077 quoque
1325 2956 1466 3045 stabat
1499 2952 1777 3075 stupefactus,
1814 2955 1994 3045 audiens

563 3107 739 3230 quidem
770 3137 920 3196 vocem
944 3136 992 3193 ac
1016 3105 1205 3194 sentiens
1232 3105 1385 3193 miram
1413 3126 1458 3193 et
1485 3134 1660 3194 suavem
1687 3103 1994 3226 operationem

562 3258 608 3348 in
625 3258 772 3369 corde,
787 3254 977 3345 nesciens
994 3276 1143 3343 tamen
1160 3255 1277 3344 unde
1294 3254 1439 3344 veniat
1462 3275 1537 3343 aut
1554 3284 1643 3374 quo
1660 3254 1802 3344 vadat.
1826 3259 1993 3344 Verum

562 3408 740 3528 impleta
770 3404 1019 3525 gaudebant
1048 3403 1210 3493 viscera
1242 3402 1316 3492 illo
1350 3403 1614 3493 sanctissimo
1644 3401 1767 3519 flatu,
1800 3426 1846 3494 et
1881 3404 1994 3495 bene

563 3580 853 3680 perceperunt
878 3553 997 3674 quod
1022 3582 1123 3641 vere
1154 3558 1268 3642 Deus
1294 3552 1378 3642 illic
1405 3575 1535 3668 esset;
1565 3553 1639 3675 qui
1669 3552 1802 3643 etiam
1829 3576 1994 3644 secreta

563 3737 638 3798 sua
664 3704 911 3795 denudabat
942 3700 1170 3823 aliquibus,
1191 3700 1384 3792 dividens
1409 3702 1610 3823 cuiquam
1642 3726 1776 3824 prout
1801 3705 1988 3795 volebat

564 3862 613 3949 Et
646 3854 1015 3978 quemadmodum
1048 3851 1208 3973 legitur
1237 3852 1283 3941 in
1314 3857 1609 3942 Numerorum
1641 3851 1766 3942 Libro
1798 3850 1892 3976 (ubi
1916 3852 1991 3942 de·

563 4004 765 4097 scribitur
786 4001 1034 4092 distributio
1067 4002 1248 4123 Spiritus
1271 4001 1317 4091 in
1350 4001 1639 4124 septuaginta)
1666 4003 1786 4123 quod
1818 4001 1991 4123 requie-

563 4155 691 4247 visset
722 4152 904 4274 Spiritus
949 4152 1080 4241 etiam
1120 4183 1249 4272 super
1287 4151 1391 4242 alios
1427 4152 1535 4241 duos
1572 4150 1648 4273 qui
1688 4173 1993 4242 remanserunt

429 4362 430 4365 κ
563 4305 610 4396 in
647 4301 793 4394 castris
839 4323 885 4390 et
922 4332 1014 4390 non
1053 4301 1252 4392 exierant
1292 4300 1338 4390 in
1378 4301 1722 4415 tabernaculum,
1758 4300 1820 4390 ita
1859 4301 1993 4391 modo

564 4454 679 4577 apud
713 4475 884 4542 nostros
920 4449 1093 4566 accidit;
1132 4449 1316 4571 gratiam
1352 4447 1694 4539 administratam
1733 4471 1779 4539 et
1813 4449 1992 4542 effusam

564 4604 610 4694 in
648 4626 847 4724 tempore
888 4603 1017 4725 hujus
1054 4600 1203 4715 Missas,
1239 4598 1607 4720 participaverunt
1651 4599 1786 4689 etiam
1827 4605 1992 4691 Fratres

566 4751 794 4868 Conversi,
834 4751 1067 4842 existentes
1103 4751 1150 4840 in
1187 4748 1359 4869 capellis
1394 4779 1532 4871 prope
1572 4750 1756 4838 chorum
1791 4749 1990 4874 adjacen-
