4776 6390
1312 631 1523 735 ..48-

706 863 849 930 essent
879 841 933 930 ad
965 842 1140 930 oculum
1173 841 1422 956 servientes,
1450 842 1569 962 quasi
1608 843 1858 935 hominibus
1895 847 2133 968 placentes,

706 991 780 1079 sed
796 989 841 1078 in
856 990 1125 1112 simplicitate
1143 990 1282 1081 cordis
1299 997 1440 1081 Deum
1458 1015 1719 1113 quaererent,
1731 1023 1819 1115 prae
1836 994 1971 1086 oculis
1990 1000 2136 1086 Deum

706 1169 877 1260 semper
906 1141 1130 1256 habentes,
1158 1140 1305 1229 omnia
1337 1140 1383 1229 in
1419 1145 1510 1263 ejus
1542 1142 1721 1232 nomine
1753 1142 1972 1236 facientes.
2004 1147 2133 1236 Dice·

705 1288 867 1409 batque
890 1321 934 1378 se
959 1288 1005 1379 in
1029 1289 1290 1410 quotidianis
1320 1289 1404 1379 suis
1437 1290 1723 1407 orationibus,
1746 1298 1886 1382 Deum
1911 1297 2133 1415 postulare

705 1462 918 1560 quatenus
942 1438 1050 1560 ipsas
1073 1437 1378 1560 praerogativas
1400 1460 1445 1528 et
1466 1440 1729 1530 reverentias
1750 1442 1920 1532 ratione
1943 1443 2009 1534 sui
2034 1443 2129 1533 offi-

705 1587 757 1677 cii
781 1588 860 1681 sibi
883 1588 1110 1702 exhibitas,
1137 1587 1184 1678 in
1205 1590 1376 1677 laudem
1403 1612 1448 1679 et
1471 1589 1655 1709 gloriam
1677 1589 1741 1680 sui
1764 1591 2015 1683 sanctissimi
2039 1599 2129 1683 No-

705 1737 831 1828 minis
848 1770 1063 1828 assumere
1081 1761 1126 1827 et
1142 1737 1382 1828 adscribere
1407 1739 1674 1861 dignaretur,
1702 1743 2027 1864 suppleretque,
2053 1773 2130 1864 per

705 1886 1021 1978 exhibitionem
1045 1887 1244 2001 aliorum,
1271 1885 1489 1979 defectum
1512 1889 1671 1978 amoris
1696 1912 1740 1978 et
1766 1892 1905 1980 cultus
1929 1923 2040 2012 quos
2063 1892 2127 2013 ip·

705 2061 841 2127 semet
865 2037 906 2127 Ei
924 2036 1137 2127 debebat:
1160 2036 1305 2157 sicque
1329 2068 1500 2158 semper
1523 2068 1692 2127 servare
1709 2039 2001 2129 humilitatem
2024 2072 2127 2130 con·

704 2189 926 2276 tendebat.
962 2192 1077 2276 Cum
1101 2187 1215 2275 solus
1238 2208 1347 2276 esset
1370 2187 1416 2275 in
1440 2186 1579 2275 aliena
1603 2189 1709 2277 cella
1733 2220 1832 2278 cum
1857 2188 2005 2310 aliquo
2032 2195 2127 2280 Fra·

704 2358 837 2450 trum,
871 2366 962 2424 non
1002 2358 1050 2423 ut
1091 2334 1214 2424 Prior
1247 2335 1320 2424 sed
1359 2359 1408 2424 ut
1447 2334 1621 2425 humilis
1654 2341 1800 2426 Frater
1839 2368 1883 2426 se
1920 2337 2123 2453 habebat,

704 2485 960 2605 dicebatque
984 2517 1027 2574 se
1052 2483 1272 2605 reliquisse
1300 2483 1544 2574 Prioratum
1568 2486 1615 2574 in
1639 2487 1744 2575 cella
1768 2517 1872 2600 sua3
1898 2518 1999 2577 cum
2024 2518 2126 2583 vero

703 2634 749 2723 in
766 2633 894 2723 officii
911 2634 974 2723 sui
991 2636 1097 2724 cella
1122 2656 1197 2723 aut
1221 2633 1377 2723 alicubi
1402 2633 1449 2723 in
1473 2640 1708 2725 Conventu
1733 2658 1859 2752 esset,
1879 2668 1924 2727 se
1948 2637 2127 2758 gerebat

705 2807 753 2873 ut
781 2789 872 2907 ejus
905 2784 1176 2903 congruebat
1199 2783 1356 2898 officio,
1384 2815 1482 2873 cum
1512 2784 1701 2874 maxima
1735 2809 1883 2875 tamen
1919 2787 2127 2880 modestia

702 2956 747 3024 et
764 2933 1023 3023 humilitate.
1047 2938 1182 3022 Totus
1199 2964 1375 3053 quoque
1400 2939 1656 3024 Conventus
1677 2934 1724 3024 in
1747 2957 1868 3026 tanta
1884 2935 2127 3031 reverentia

703 3115 804 3173 eum
828 3082 996 3199 habuit,
1018 3083 1136 3204 quod
1159 3081 1205 3172 in
1231 3082 1481 3173 exhibendo
1505 3083 1545 3173 ei
1572 3084 1789 3173 honorem
1822 3107 1898 3176 aut
1929 3087 2126 3208 praeemi-

703 3232 897 3323 nentiam
912 3264 956 3323 se
981 3263 1072 3322 non
1098 3263 1220 3354 posse
1247 3232 1457 3321 excedere
1474 3233 1701 3353 putabant.

472 3441 524 3477 aa„
579 3428 621 3478 -υ,
648 3442 673 3477 ..
766 3389 831 3473 De
863 3382 1071 3504 patientia
1102 3387 1194 3505 ejus
1224 3381 1328 3502 quid
1360 3380 1584 3472 referam?
1618 3387 1711 3504 Ipsa
1742 3384 1876 3475 verba
1901 3383 2124 3509 injuriosa,

703 3531 1033 3654 exprobratoria
1049 3555 1094 3620 et
1119 3531 1392 3622 oblocutoria
1414 3563 1510 3652 quae
1531 3532 1710 3654 pertulit
1732 3533 1787 3623 ab
1802 3534 2022 3656 apostatis,
2041 3532 2123 3627 suf·

702 3683 884 3773 ficerent
900 3712 981 3802 pro
1004 3680 1255 3771 testimonio
1279 3681 1312 3771 si
1333 3681 1642 3796 recitarentur,
1661 3683 1735 3772 sed
1757 3705 1995 3775 transeant.
2021 3690 2128 3777 Tam

702 3832 870 3954 patiens
906 3829 1004 3945 fuit,
1038 3831 1157 3951 quod
1187 3830 1265 3920 uni
1301 3861 1456 3922 eorum
1490 3831 1679 3952 quodam
1711 3854 1912 3955 tempore
1946 3832 1995 3924 in
2026 3865 2129 3927 eum

701 3978 944 4101 insurgenti
977 4009 1070 4068 non
1101 3979 1333 4095 resisteret,
1369 3980 1443 4070 sed
1472 3983 1728 4102 provolutus
1763 3982 1819 4071 ad
1854 3982 1985 4103 pedes
2018 3987 2125 4107 ejus,

701 4131 821 4222 dedit
862 4129 1081 4220 maxillam
1117 4160 1243 4220 verus
1281 4129 1494 4220 solitarius
1528 4130 1811 4252 percutienti;
1853 4131 2128 4225 saturabatur

701 4279 960 4403 opprobriis,
994 4277 1186 4400 colaphis
1224 4302 1269 4369 et
1304 4279 1451 4401 alapis,
1486 4281 1769 4402 quoadusque
1805 4280 1876 4372 alii
1915 4304 2128 4377 eruerunt

700 4463 803 4522 eum
834 4431 888 4520 de
921 4462 1054 4521 manu
1080 4429 1340 4520 tribulantis.
1357 4436 1462 4546 Nec,
1483 4430 1557 4521 illo
1583 4430 1787 4546 instante,
1807 4462 2002 4552 unquam
2027 4432 2125 4524 red·

700 4579 810 4676 didit
833 4579 967 4669 verba
988 4578 1321 4669 comminatoria
1344 4601 1421 4670 aut
1439 4578 1669 4703 jurgativa,
1687 4611 1769 4670 nec
1798 4612 1996 4703 unquam
2020 4580 2127 4674 vidit

701 4761 803 4820 eum
846 4728 981 4819 homo
1027 4726 1171 4849 aliqua
1213 4728 1409 4850 passione
1453 4729 1684 4822 iracundiae
1732 4753 2028 4823 commotum.
2080 4735 2128 4825 Et
