4776 6390
1371 670 1575 753 ...50-

762 879 1035 1001 belligeratio
1060 900 1106 969 et
1130 881 1340 1002 palaestra,
1361 880 1468 1001 quin
1492 902 1538 969 et
1560 880 1811 972 hominibus
1827 912 1974 974 secum
1993 913 2189 973 commo·

764 1029 960 1120 rantibus
984 1029 1255 1151 aliquatenus
1276 1029 1534 1119 innotuerit.
1556 1030 1837 1151 Quicumque
1854 1031 1973 1123 enim
1990 1032 2193 1123 vidissent

764 1211 883 1295 eum,
903 1211 1005 1271 vere
1031 1179 1334 1301 intelligebant
1358 1210 1560 1300 magnam
1579 1179 1798 1270 internam
1821 1183 2191 1297 colluctationem,

765 1361 856 1420 non
888 1333 1028 1420 solum
1053 1330 1255 1420 adversus
1271 1360 1447 1419 carnem
1471 1353 1516 1418 et
1538 1329 1807 1450 sanguinem,
1829 1332 1903 1421 sed
1926 1354 1972 1421 et
1994 1332 2196 1422 adversus

505 1522 604 1588 aare..
625 1536 662 1586 n,
681 1536 720 1571 η.
764 1481 905 1602 ipsum
935 1479 1176 1602 principem
1204 1480 1487 1570 tenebrarum
1512 1475 1792 1569 infernalium
1824 1512 1868 1570 se
1900 1480 2116 1572 habuisse.
2149 1486 2195 1571 ln

765 1630 921 1751 quibus
946 1651 1109 1743 tamen,
1130 1660 1187 1719 ne
1209 1628 1436 1719 nationem
1464 1627 1654 1718 filiorum
1676 1630 1935 1751 reprobaret
1950 1630 1997 1720 in
2013 1660 2193 1720 narran-

507 1807 606 1858 Ytren-
622 1822 662 1871 ιιι,
677 1805 719 1856 2⁶·
765 1780 838 1894 do,
867 1781 1052 1869 salutare
1087 1779 1166 1869 Dei
1199 1809 1372 1900 semper
1396 1810 1496 1869 cum
1529 1778 1701 1868 silentio
1730 1780 2074 1900 praestolabatur.
2107 1785 2195 1870 Nec

765 1959 958 2049 unquam
989 1928 1064 2018 ulli
1098 1929 1452 2049 conquerebatur
1482 1927 1536 2017 de
1560 1928 1755 2049 pondere
1779 1951 1825 2018 et
1850 1952 1955 2019 aestu
1985 1928 2194 2019 tentatio·

475 2106 642 2219 „„„⁶,‘,³}¹,{§,‘
672 2120 738 2233 {¹235
765 2108 903 2192 num,
930 2079 1237 2167 tantummodo
1269 2075 1419 2191 Fratri,
1451 2077 1567 2167 illam
1598 2080 1748 2167 cellam
1782 2077 2044 2169 inhabitanti
2075 2084 2195 2201 cujus

472 2244 565 2296 W
582 2230 627 2280 ³¹³·
765 2226 855 2348 ipse
876 2224 1020 2346 primo
1046 2224 1188 2315 incola
1212 2222 1309 2337 fuit,
1335 2224 1568 2345 aliquando
1594 2226 1764 2316 dicebat
1794 2260 1803 2317 :
1834 2264 1857 2310 u
1885 2233 1929 2317 O
1957 2229 2134 2317 Frater!
2162 2226 2193 2316 si

766 2375 860 2465 talis
892 2397 937 2464 et
969 2375 1063 2464 talis
1094 2376 1213 2464 locus
1245 2373 1364 2494 loqui
1399 2399 1589 2495 possent,
1615 2375 1758 2495 aliqua
1783 2375 1861 2465 tibi
1884 2376 2192 2465 indicarent.»

768 2523 888 2633 Quid
913 2525 1077 2645 plura?
1110 2525 1179 2613 Ad
1212 2545 1378 2612 tantam
1410 2525 1604 2640 demum,
1632 2554 1712 2644 per
1744 2548 2055 2645 cooperantem
2077 2524 2126 2614 in
2150 2557 2193 2615 se

767 2673 956 2763 divinam
988 2672 1189 2793 gratiam,
1220 2672 1395 2762 devenit
1423 2672 1753 2794 perfectionem,
1792 2696 1842 2764 ut
1874 2674 2074 2765 omnium
2107 2675 2191 2765 vir-

767 2846 913 2913 tutum
937 2821 1076 2943 apices
1099 2845 1144 2910 et
1161 2847 1420 2912 ornamenta
1442 2823 1735 2943 conquireret,
1757 2846 1888 2944 atque
1910 2824 1956 2913 in
1979 2855 2050 2940 eo,
2077 2826 2193 2915 velut

766 2973 812 3062 in
849 2971 1109 3063 lucidissimo
1142 2974 1316 3093 speculo
1347 2994 1392 3061 et
1419 2972 1531 3062 libro
1563 2972 1722 3094 scripto
1750 2973 1867 3063 intus
1892 2996 1938 3063 et
1965 2972 2090 3089 foris,
2124 3004 2191 3063 re·

766 3123 1057 3245 splenderent.
1104 3128 1294 3229 Quantae
1341 3119 1473 3211 fuerit
1511 3122 1769 3238 devotionis,
1804 3123 2068 3243 quotidianae
2103 3129 2194 3249 ejus

499 3311 592 3362 orna
608 3312 739 3377 acryma-
764 3275 1083 3363 attestabantur
1099 3273 1312 3393 lacrymae.
1334 3271 1606 3391 Singularem
1631 3303 1822 3393 namque
1839 3272 2023 3392 gratiam
2040 3274 2193 3365 habuit

476 3387 552 3423 ‘um'
765 3425 1073 3542 lacrymarum,
1099 3421 1171 3511 vix
1188 3423 1275 3510 ulla
1292 3420 1381 3510 dies
1398 3420 1608 3542 praeteriit
1630 3453 1719 3541 quo
1743 3422 1927 3511 maxillae
1946 3426 2039 3545 ejus
2055 3423 2192 3544 lacry-

766 3571 845 3660 mis
873 3602 964 3660 non
995 3593 1137 3660 essent
1175 3569 1378 3689 irrigatae,
1408 3571 1624 3693 praecipue
1659 3573 1738 3661 sub
1772 3572 1978 3663 sacrificio
2017 3575 2192 3664 sanctis-

765 3721 880 3812 simae
909 3721 1057 3810 Missae.
1085 3720 1365 3840 Quandoque
1389 3718 1518 3808 etiam
1545 3719 1590 3808 in
1613 3718 1862 3835 refectorio,
1888 3742 2009 3810 tanta
2035 3724 2193 3812 amoris

764 3870 897 3960 divini
938 3901 985 3959 ac
1022 3870 1265 3959 devotionis
1303 3868 1602 3959 inebriabatur
1634 3869 1875 3959 dulcissima
1908 3871 2189 3992 pinguedine,

764 4019 884 4140 quod
914 4022 1028 4109 ultra
1068 4050 1111 4108 se
1148 4019 1353 4108 cohibere
1385 4049 1410 4107 a
1442 4016 1551 4108 fletu
1583 4050 1675 4107 non
1707 4042 1881 4140 poterat
1914 4042 2012 4110 toto
2045 4051 2192 4112 coram

505 4204 572 4254 oen.
587 4218 648 4264 m,
668 4219 689 4254 ι.
765 4175 1016 4283 Conventu,
1047 4169 1122 4258 sed
1154 4167 1484 4288 erumpentibus
1517 4169 1716 4288 lacrymis
1749 4170 1937 4259 surrexit
1966 4200 1991 4259 a
2027 4202 2190 4284 mensa,

764 4317 1068 4438 festinavitque
1091 4317 1136 4406 in
1161 4319 1359 4407 cellulam
1377 4348 1512 4430 suam,
1533 4348 1619 4408 suae
1636 4318 1981 4440 compunctionis
1998 4343 2043 4409 et
2061 4320 2191 4412 devo·

764 4469 893 4559 tionis
919 4466 1148 4557 consciam.
1178 4473 1227 4557 Et
1250 4466 1461 4555 introiens
1484 4467 1730 4558 cubiculum
1758 4468 1949 4558 ubertim
1974 4466 2112 4584 flevit,
2140 4503 2193 4560 eo

764 4617 939 4708 liberius
964 4648 1053 4736 quo
1078 4615 1296 4729 secretius,
1317 4647 1396 4736 per
1418 4639 1562 4705 totum
1580 4617 1748 4738 prandii
1773 4640 1960 4739 tempus.

517 4758 645 4808 Charitas
672 4771 736 4821 erga

476 4821 553 4870 nna
827 4766 1025 4858 Charitas
1060 4765 1105 4854 in
1143 4797 1197 4854 eo
1228 4765 1593 4886 supereminebat,
1619 4769 1764 4887 quoad
1799 4773 1940 4857 Deum
1970 4791 2016 4858 et
2043 4769 2192 4890 proxi·
