4740 6414
1165 644 1377 726 ..15-

560 888 641 947 nec
649 858 863 948 debebam
880 857 1124 979 Principem
1149 889 1297 947 meum
1320 860 1460 947 celare
1483 857 1729 949 veritatem.
1752 859 1890 967 Quod
1907 858 1986 949 nisi

560 1004 767 1122 fecissem,
787 1007 1025 1129 praesertim
1040 1008 1087 1097 in
1105 1038 1153 1097 re
1177 1007 1287 1097 tanti
1314 1008 1528 1097 momenti
1553 1009 1671 1097 unde
1696 1009 1919 1130 pendebat
1940 1032 1985 1098 et

563 1157 767 1279 Principis
800 1160 1020 1248 honoret
1055 1158 1179 1279 regni
1219 1157 1522 1278 tranquillitas,
1549 1181 1645 1247 tum
1676 1189 1780 1249 vere
1812 1156 1985 1248 fuissem

559 1307 679 1426 quod
702 1338 818 1396 nunc
841 1306 1059 1429 objicitur,
1087 1309 1339 1421 malevolus,
1366 1306 1557 1428 perfidus
1592 1329 1637 1396 et
1670 1309 1884 1428 proditor.
1911 1308 1986 1398 Ob

559 1457 642 1545 hoc
677 1456 882 1546 delictum
915 1457 965 1577 (si
1002 1457 1137 1545 modo
1173 1457 1379 1545 delictum
1417 1456 1498 1545 dici
1539 1455 1686 1576 debet)
1717 1457 1987 1577 gravissimas

558 1606 657 1695 dedi
682 1637 845 1726 poenas,
859 1629 1016 1696 exutus
1041 1607 1245 1696 omnibus
1267 1604 1542 1695 facultatibus
1568 1606 1675 1695 meis
1695 1606 1866 1727 illisque
1883 1605 1986 1696 fisco

558 1756 750 1870 addictis,
780 1787 828 1845 ac
851 1779 1066 1877 perpetuo
1089 1756 1249 1846 carceri
1271 1755 1538 1879 adjudicatus
1562 1756 1610 1845 in
1635 1789 1726 1877 quo
1747 1762 1837 1880 jam
1861 1788 1985 1845 men-

558 1937 623 1994 ses
651 1905 898 2026 quindecim
927 1929 1044 1995 totos
1070 1904 1132 1995 sui
1162 1907 1379 1995 detentus.
1408 1907 1491 1995 Sed
1517 1905 1582 1994 his
1606 1906 1787 2021 omissis,
1813 1930 1985 1997 tantum

558 2056 612 2144 ad
636 2087 688 2144 ea
709 2056 985 2176 respondebo
1003 2088 1100 2176 quae
1120 2079 1222 2145 sunt
1243 2057 1374 2178 hujus
1399 2056 1566 2176 negotii
1592 2057 1823 2178 praecipua.
1840 2055 1987 2146 Dicitis

558 2236 630 2294 me
668 2236 842 2326 poenam
882 2205 1204 2319 commeruisse,
1247 2237 1380 2325 quam
1418 2203 1578 2326 infligit
1616 2205 1873 2296 constitutio
1912 2237 1986 2296 seu

558 2378 768 2445 statutum
796 2355 843 2445 in
870 2355 1073 2475 proximo
1105 2361 1340 2445 Procerum
1367 2378 1604 2470 conventu,
1633 2387 1706 2444 me
1735 2355 1782 2445 in
1814 2386 1986 2446 carcere

558 2530 732 2626 agente,
759 2502 943 2620 factum3
979 2505 1100 2626 quasi
1127 2505 1343 2594 malitioso
1375 2535 1424 2594 ac
1458 2504 1627 2626 perfido
1656 2505 1806 2594 animo
1837 2504 1985 2626 prodi·

557 2656 671 2746 torie
717 2656 981 2745 detraxerim
1024 2655 1155 2776 regiae
1195 2654 1407 2777 Majestati
1446 2652 1627 2769 famam,
1675 2657 1896 2744 honorem
1939 2684 1987 2743 ac

556 2804 831 2926 dignitatem,
861 2837 959 2925 quae
987 2804 1048 2894 illi
1082 2834 1162 2926 per
1193 2805 1351 2893 dictam
1377 2804 1737 2894 constitutionem
1774 2834 1987 2894 consensu

556 2954 755 3044 omnium
787 2977 914 3044 erant
944 2954 1123 3066 tributa,
1151 2953 1349 3067 ¹videlicet
1381 2954 1590 3074 quodibi
1626 2961 1718 3044 Rex
1745 2955 1989 3044 declarantr

554 3105 636 3195 sub
669 3109 771 3195 lesu
812 3103 990 3195 Christo
1029 3133 1281 3225 supremum
1324 3126 1456 3226 caput
1494 3104 1683 3194 Ecclesiae
1719 3105 1984 3225 Anglicanae.

555 3263 701 3376 Atque
725 3278 829 3344 ante
856 3253 1007 3343 omnia
1037 3253 1158 3374 quod
1187 3253 1295 3342 mihi
1327 3253 1528 3376 objicitis,
1561 3284 1632 3342 me
1665 3253 1775 3343 nihil
1802 3253 1989 3343 voluisse

555 3405 820 3526 respondere
848 3403 1089 3493 Secretario
1119 3402 1245 3523 Regis
1272 3434 1320 3492 ac
1346 3403 1584 3493 venerabili
1613 3404 1849 3526 Majestatis
1876 3403 1990 3493 illius

554 3553 770 3668 Concilio,
796 3554 975 3674 quando
1008 3585 1078 3641 me
1107 3552 1408 3671 interrogabat
1437 3583 1638 3673 quaenam
1670 3576 1784 3643 esset
1808 3584 1910 3642 mea
1933 3554 1989 3642 de

555 3703 631 3792 illo
654 3704 833 3792 decreto
861 3700 1103 3815 sententia,
1128 3700 1331 3822 respondi
1359 3732 1430 3788 me
1455 3705 1543 3821 jam
1567 3701 1736 3790 mundo
1759 3724 1988 3791 mortuum

554 3883 645 3943 esse
677 3883 758 3942 nec
782 3851 1024 3942 istiusmodi
1046 3849 1234 3971 negotiis
1258 3850 1442 3971 amplius
1462 3849 1697 3965 sollicitari,
1716 3852 1793 3940 sed
1813 3874 1989 3940 tantum

555 4002 753 4093 meditari
779 4000 826 4091 in
851 4000 1051 4092 Passione
1076 3999 1255 4091 Domini
1278 4000 1414 4090 nostri
1439 4005 1542 4091 lesu
1567 4000 1747 4091 Christi.
1772 4002 1844 4091 Ad
1865 4001 1989 4122 quod

552 4158 640 4279 jam
664 4154 777 4243 clare
803 4152 1065 4274 respondeo,
1090 4150 1213 4241 vobis
1238 4151 1298 4240 ob
1319 4149 1568 4272 hujusmodi
1592 4180 1742 4239 meum
1766 4149 1988 4240 silentium

555 4333 627 4395 me
653 4302 785 4394 morti
811 4301 1057 4426 adjudicare
1080 4331 1174 4389 non
1196 4300 1350 4415 licere;
1384 4299 1595 4421 quoniam
1621 4331 1768 4420 neque
1793 4321 1989 4390 vestrum

553 4455 779 4547 defletum
809 4482 956 4575 neque
982 4452 1081 4542 ullae
1109 4452 1226 4571 leges
1252 4449 1405 4539 mundi
1428 4470 1610 4570 possunt
1631 4479 1903 4571 quemquam
1929 4451 1990 4539 ob

553 4604 773 4697 silentium
804 4602 1005 4695 addicere
1033 4599 1183 4716 morti,
1211 4601 1286 4690 sed
1310 4621 1483 4689 tantum
1516 4600 1577 4689 ob
1603 4599 1769 4689 dictum
1791 4602 1864 4689 vel
1887 4630 1988 4722 per·

295 4782 364 4841 nm
387 4806 417 4851 n,
440 4788 471 4841 a,
555 4776 773 4879 peccatum
799 4750 978 4846 lacinus.
1007 4756 1073 4843 De
1094 4749 1272 4842 occultis
1293 4749 1412 4841 enim
1435 4750 1550 4840 solus
1571 4749 1736 4873 judicat
1760 4754 1895 4841 Deus.
1916 4788 1943 4832 »
