4740 6414
884 661 1097 770 ..69-

274 881 365 1000 ejus
391 871 622 996 legenda),
647 875 942 995 interrogatus
971 895 1066 964 erat
1095 873 1150 965 ab
1175 904 1267 963 uno
1294 877 1489 963 Fratrum
1512 873 1558 962 in
1584 905 1704 964 com·
1751 899 1811 950 tib·
1825 899 1858 963 v,
1872 913 1994 965 emus

277 1022 398 1114 muni
424 1022 646 1144 colloquio
667 1053 838 1139 eorum,
857 1023 912 1113 de
936 1023 1059 1114 novis
1082 1023 1354 1144 quibusdam.
1376 1023 1461 1114 Cui
1482 1023 1706 1145 respondit

277 1194 446 1265 sanctus
469 1177 632 1294 Hugo:
662 1209 685 1258 e
712 1178 757 1264 O
786 1175 937 1263 Pater!
959 1203 1162 1263 rumores
1188 1172 1337 1262 audire
1359 1194 1405 1263 et
1424 1169 1605 1286 referre,
1626 1172 1705 1263 etsi

275 1323 374 1413 licet
407 1322 634 1445 Episcopis,
656 1323 879 1414 monachis
903 1344 1051 1414 tamen
1074 1323 1303 1414 nonlicet.
1334 1323 1476 1414 Cellas
1496 1323 1564 1412 vel
1588 1322 1705 1412 clau·

277 1495 415 1563 strum
440 1502 640 1563 rumores
663 1473 834 1593 ingredi
866 1504 958 1562 non
988 1473 1177 1586 debent,
1202 1473 1332 1563 urbes
1357 1472 1557 1562 deserere
1588 1471 1706 1562 etin

276 1622 527 1714 solitudines
543 1652 742 1713 rumores
756 1620 912 1712 afferre
934 1653 1026 1712 non
1048 1621 1161 1712 licet.
1185 1659 1208 1706 1>
1234 1626 1337 1713 Haec
1358 1653 1516 1712 sonora
1537 1654 1623 1714 vox
1640 1654 1705 1712 so

277 1771 409 1863 nabat
423 1770 469 1862 in
492 1769 670 1862 auribus
687 1793 938 1862 nostrorum
965 1776 1158 1862 Fratrum
1176 1770 1412 1862 intantum
1429 1773 1549 1893 quod
1566 1771 1705 1893 gravis

276 1922 337 2012 eis
362 1944 456 2012 erat
471 1952 661 2012 accessus
675 1921 965 2036 saecularium3
983 1920 1115 2010 etiam
1132 1920 1166 2010 si
1190 1952 1282 2010 non
1305 1921 1537 2043 ingruisset
1552 1922 1705 2012 ultima

276 2093 524 2193 tempestas,
555 2069 650 2160 talis
677 2069 893 2191 ingressus
923 2093 1072 2160 tamen
1101 2070 1366 2160 saecularium
1398 2070 1444 2160 in
1470 2073 1702 2162 claustrum

276 2244 476 2312 nostrum
500 2250 584 2343 pro
604 2251 729 2343 posse
755 2219 1087 2342 impediebatur.

340 2666 503 2750 Verum
535 2658 669 2750 divini
707 2655 853 2748 Officii
890 2657 1126 2778 prolixitas,
1159 2658 1343 2749 dulcedo
1383 2682 1429 2748 et
1465 2658 1704 2750 modulatio
1732 2758 1759 2799 n
1780 2687 1996 2800 b‘evb‘diiimiss

278 2832 443 2924 cantus,
473 2808 714 2899 incitabant
747 2807 915 2897 animos
950 2808 1219 2899 audientium
1258 2809 1312 2898 ad
1343 2809 1622 2899 devotionem
1660 2832 1706 2898 et
1733 2809 1831 2862 ⁰ffi0¹⁰
1852 2810 1956 2860 ‘¹³'⁵¹¹⁰·

277 2958 496 3082 copiosam
532 2960 820 3079 lacrymarum
860 2956 1137 3048 effusionem.
1179 2959 1322 3079 Vulgo
1360 2959 1625 3049 dicebatur:
1663 2959 1705 3049 si

276 3106 498 3200 volueritis
526 3105 674 3196 audire
701 3105 872 3196 servitia
901 3106 979 3195 Dei
1004 3107 1161 3198 devote
1192 3109 1420 3222 celebrata,
1450 3110 1619 3232 pergite
1651 3110 1705 3199 ad
1774 3227 1776 3230 Ι

278 3258 460 3347 domum
489 3255 697 3347 cartusiae.
730 3255 833 3345 llluc
862 3255 1191 3346 destinabantur
1223 3258 1366 3377 legati
1397 3260 1577 3349 aliarum
1616 3264 1703 3348 Na·

278 3407 466 3520 tionum,
488 3406 589 3496 illuc
604 3405 893 3496 ascendebant
914 3405 1066 3520 tribus,
1086 3406 1224 3497 tribus
1242 3407 1434 3522 Domini,
1459 3439 1581 3498 senes
1606 3439 1704 3498 cum
1764 3433 1810 3484 1³³-
1823 3448 1894 3498 cm,
1907 3452 1933 3500 4·

276 3556 536 3680 junioribus,
564 3553 706 3677 pusilli
736 3576 783 3642 et
811 3554 974 3673 magni,
1001 3556 1055 3644 ad
1080 3556 1380 3647 confitendum
1413 3558 1582 3647 nomini
1614 3564 1704 3648 Do·

277 3706 398 3797 mini.
435 3705 589 3826 Vigilia
620 3703 850 3827 cujuslibet
879 3703 1017 3793 noctis
1047 3706 1162 3828 apud
1191 3737 1280 3821 eos,
1307 3705 1465 3797 afesto
1489 3708 1704 3798 Omnium

277 3867 537 3951 Sanctorum
554 3853 762 3974 usquead
788 3852 961 3967 Pascha,
983 3856 1035 3946 ad
1054 3855 1195 3946 minus
1211 3857 1395 3947 durabat
1409 3887 1489 3978 per
1511 3857 1705 3978 quinque

277 4009 407 4097 horas
429 4018 457 4095 ¹.
503 4005 749 4127 Surgebant
788 4003 907 4093 enim
941 4002 1161 4096 ferialibus
1191 4006 1341 4097 diebus
1378 4007 1487 4096 hora
1521 4006 1702 4122 decima,

279 4157 430 4247 diebus
460 4153 591 4246 etiam
626 4153 955 4277 Capitulorum;
982 4153 1099 4245 festis
1122 4186 1227 4245 vero
1253 4156 1580 4247 Candelarum²
1603 4180 1705 4247 ante

281 4306 505 4422 decimam,
529 4330 854 4427 perseverantes
880 4306 927 4395 in
950 4305 1126 4397 ecclesia
1149 4327 1248 4426 post
1270 4306 1508 4394 secundum
1532 4306 1704 4426 pulsum

284 4486 412 4578 usque
451 4479 551 4577 post
588 4455 780 4572 tertiam,
814 4455 1048 4577 aliquando
1081 4486 1218 4575 usque
1254 4455 1307 4544 ad
1341 4453 1568 4544 dimidium
1607 4479 1706 4577 post

275 4605 465 4695 tertiam.
493 4613 532 4694 Α
559 4605 716 4695 Pascha
746 4636 884 4726 usque
910 4605 964 4694 ad
988 4602 1146 4695 festum
1179 4603 1395 4695 Omnium
1425 4607 1701 4721 Sanctorum,

270 4751 497 4848 ferialibus
519 4755 688 4871 diebus,
709 4756 818 4845 hora
841 4754 1085 4846 undecima.
