4776 6390
1174 1305 1425 1411 CAPUT
1474 1308 1789 1414 TERTIUM

833 1682 895 1790 Ut
922 1681 1038 1788 idom
1065 1685 1112 1788 in
1135 1684 1470 1794 Procuratorem
1497 1708 1537 1795 ct
1556 1686 1835 1830 postmodum
1863 1693 1911 1797 in
1931 1692 2137 1800 Priorem

1131 1879 1172 1966 ct
1194 1866 1240 1968 V
1238 1864 1474 1970 isitotorcm
1501 1863 1655 1972 clectus
1671 1865 1827 2006 suerit.

1021 2507 1244 2593 XPLETO
1271 2503 1405 2624 igitur
1424 2504 1712 2621 laudabiliter,
1740 2537 1840 2596 cum
1864 2506 2065 2598 omnium
2092 2513 2188 2599 Fra·

1022 2675 1139 2742 trum
1165 2653 1319 2774 gratia,
1339 2654 1385 2743 in
1407 2656 1491 2744 hoc
1517 2652 1663 2744 officio
1685 2654 1918 2745 Sacristarii
1943 2656 2191 2778 quinquen-

477 2836 679 2909 ·rfrommor
708 2834 740 2886 rt
778 2521 975 3070 E
1022 2802 1098 2892 nio
1115 2815 1142 2918 ¹,
1183 2803 1300 2893 idem
1339 2804 1428 2925 ipse
1464 2803 1721 2895 venerabilis
1761 2810 1887 2894 Pater
1927 2807 2109 2897 Sacrista
2142 2809 2195 2897 ad

476 2908 588 2962 mmai
604 2913 648 2948 ω’
662 2896 737 2962 15η
1020 2950 1214 3043 officium
1265 2954 1595 3043 Procuratoris²
1635 2953 1882 3044 assumitur.
1923 2961 1968 3045 Ο
2006 2980 2194 3076 quantus

765 3137 868 3195 eum
900 3130 1004 3196 tunc
1037 3133 1200 3194 moeror
1233 3102 1403 3219 invasit,
1431 3125 1605 3224 quantae
1629 3105 1828 3224 lacrymae
1855 3103 2057 3225 profusae,
2087 3129 2195 3228 quot

763 3254 952 3374 gemitus
973 3252 1160 3376 pectoris
1195 3251 1352 3366 emisit,
1386 3254 1621 3373 qualesque
1657 3253 1850 3373 corporis
1875 3252 2067 3344 defectus
2091 3287 2192 3345 eum

763 3426 1107 3525 prostraverunt,
1146 3403 1221 3526 qui
1254 3401 1311 3491 sic
1346 3401 1529 3490 omnino
1561 3402 1736 3516 invitus,
1772 3401 2022 3523 gratissimae
2060 3428 2193 3528 atque

764 3551 843 3643 sibi
868 3552 1150 3643 dilectissimae
1181 3550 1423 3642 solitudinis
1454 3550 1886 3671 desideratissimique
1913 3552 2071 3643 silentii
2095 3555 2190 3646 dul·

503 3731 654 3798 ceam,
672 3749 711 3799 η.
763 3702 961 3792 cedinem
989 3703 1187 3792 deserere
1217 3701 1486 3821 cogebatur!
1516 3700 1584 3790 tia
1606 3732 1706 3791 cum
1732 3700 1856 3822 lippis
1879 3701 1963 3792 suis
1987 3703 2123 3795 oculis
2147 3728 2191 3794 et

763 3851 902 3942 lurida
924 3850 1031 3942 facie
1062 3850 1220 3941 cinon
1250 3850 1459 3972 placebat.
1497 3849 1689 3940 Praetulit
1720 3849 1857 3940 amori
1890 3852 2190 3973 subsequentis

762 4000 970 4122 priorem,
992 4000 1093 4122 quia
1119 3999 1272 4090 melius
1294 4000 1373 4090 sibi
1396 3999 1625 4091 videbatur
1656 4022 1761 4089 tunc
1793 4031 1924 4120 quam
1956 4032 2089 4094 nunc.
2111 4010 2188 4094 So-

762 4149 901 4240 litudo
917 4151 1150 4266 arridebat,
1171 4149 1246 4241 ubi
1262 4150 1407 4239 dulces
1432 4148 1746 4239 susurrationes
1764 4149 1917 4239 Dilecti
1945 4151 1991 4239 in
2018 4155 2189 4243 occulto

761 4300 934 4389 trahere
958 4322 1003 4390 et
1026 4299 1176 4390 audire
1200 4320 1388 4421 poterat,
1420 4301 1728 4420 amplexusque
1753 4299 1944 4388 Rachelis
1971 4300 2032 4390 illi
2065 4329 2189 4393 erant

759 4448 993 4568 concupiti,
1029 4480 1054 4538 a
1091 4449 1248 4570 quibus
1285 4479 1364 4571 per
1401 4447 1734 4538 sollicitudinem
1773 4447 1883 4538 circa
1920 4450 2109 4570 plurima
2145 4484 2187 4542 se

499 4614 577 4666 cra
595 4630 653 4680 uu,
671 4614 696 4667 ³·
759 4595 883 4685 avelli
913 4595 1172 4717 trepidabat.
1203 4597 1507 4710 Nihilominus,
1530 4604 1623 4688 Deo
1646 4603 1841 4722 juvante,
1866 4598 2047 4692 dextera
2077 4600 2186 4692 illius

759 4775 930 4866 semper
960 4747 1204 4867 amplexata
1233 4768 1297 4836 est
1324 4779 1443 4863 eum,
1469 4779 1517 4837 ac
1545 4748 1662 4837 inter
1695 4752 1787 4872 ejus
1817 4748 1992 4841 brachia
2024 4753 2183 4843 mirum
