<?xml version="1.0" encoding="UTF-8"?>
<!DOCTYPE html PUBLIC "-//W3C//DTD XHTML 1.0 Transitional//EN"
    "http://www.w3.org/TR/xhtml1/DTD/xhtml1-transitional.dtd">
<html xmlns="http://www.w3.org/1999/xhtml" xml:lang="en" lang="en">
 <head>
  <title>
</title>
<meta http-equiv="Content-Type" content="text/html;charset=utf-8" />
  <meta name='ocr-system' content='tesseract 3.04.00' />
  <meta name='ocr-capabilities' content='ocr_page ocr_carea ocr_par ocr_line ocrx_word'/>
</head>
<body>
  <div class='ocr_page' id='page_1' title='image "./historiaaliquot00chaugoog_0172.png"; bbox 0 0 4740 6414; ppageno 0'>
   <div class='ocr_carea' id='block_1_1' title="bbox 1327 676 1568 753">
    <p class='ocr_par' dir='ltr' id='par_1_1' title="bbox 1327 676 1568 753">
     <span class='ocr_line' id='line_1_1' title="bbox 1327 676 1568 753; baseline 0 -45"><span class='ocrx_word' id='word_1_1' title='bbox 1327 676 1568 753; x_wconf 67' lang='lat'><strong>..144-</strong></span> 
     </span>
    </p>
   </div>
   <div class='ocr_carea' id='block_1_2' title="bbox 740 856 2171 1213">
    <p class='ocr_par' dir='ltr' id='par_1_2' title="bbox 740 856 2171 1213">
     <span class='ocr_line' id='line_1_2' title="bbox 740 856 2169 948; baseline 0.001 -22"><span class='ocrx_word' id='word_1_2' title='bbox 740 859 945 928; x_wconf 90' lang='lat' dir='ltr'>trahebatur</span> <span class='ocrx_word' id='word_1_3' title='bbox 964 859 1007 928; x_wconf 90' lang='lat' dir='ltr'>ad</span> <span class='ocrx_word' id='word_1_4' title='bbox 1023 859 1141 927; x_wconf 92' lang='lat' dir='ltr'>locum</span> <span class='ocrx_word' id='word_1_5' title='bbox 1157 858 1324 948; x_wconf 75' lang='lat' dir='ltr'>patibuli,</span> <span class='ocrx_word' id='word_1_6' title='bbox 1343 876 1377 927; x_wconf 81' lang='lat'>2⁰</span> <span class='ocrx_word' id='word_1_7' title='bbox 1396 859 1488 926; x_wconf 91' lang='lat' dir='ltr'>collo</span> <span class='ocrx_word' id='word_1_8' title='bbox 1502 880 1562 926; x_wconf 90' lang='lat' dir='ltr'>sus</span> <span class='ocrx_word' id='word_1_9' title='bbox 1589 857 1796 940; x_wconf 84' lang='lat' dir='ltr'>cudebatur,</span> <span class='ocrx_word' id='word_1_10' title='bbox 1808 857 1939 946; x_wconf 78' lang='lat' dir='ltr'>(funem</span> <span class='ocrx_word' id='word_1_11' title='bbox 1954 878 2039 925; x_wconf 90' lang='lat' dir='ltr'>vero</span> <span class='ocrx_word' id='word_1_12' title='bbox 2053 856 2169 927; x_wconf 90' lang='lat' dir='ltr'>adhuc</span> 
     </span>
     <span class='ocr_line' id='line_1_3' title="bbox 740 881 2170 1037; baseline -0.001 -22"><span class='ocrx_word' id='word_1_13' title='bbox 740 969 783 1016; x_wconf 90' lang='lat' dir='ltr'>eo</span> <span class='ocrx_word' id='word_1_14' title='bbox 796 947 934 1016; x_wconf 91' lang='lat' dir='ltr'>vivente</span> <span class='ocrx_word' id='word_1_15' title='bbox 950 946 1189 1034; x_wconf 71' lang='lat' dir='ltr'>incidebant),</span> <span class='ocrx_word' id='word_1_16' title='bbox 1208 947 1244 1014; x_wconf 81' lang='lat'>3⁰</span> <span class='ocrx_word' id='word_1_17' title='bbox 1259 947 1379 1015; x_wconf 88' lang='lat' dir='ltr'>vivens</span> <span class='ocrx_word' id='word_1_18' title='bbox 1403 881 1684 1031; x_wconf 79' lang='lat' dir='ltr'>exenterabatur,</span> <span class='ocrx_word' id='word_1_19' title='bbox 1704 963 1739 1015; x_wconf 94' lang='lat' dir='ltr'>et</span> <span class='ocrx_word' id='word_1_20' title='bbox 1760 946 1894 1014; x_wconf 88' lang='lat' dir='ltr'>viscera</span> <span class='ocrx_word' id='word_1_21' title='bbox 1909 945 1985 1034; x_wconf 89' lang='lat' dir='ltr'>ejus</span> <span class='ocrx_word' id='word_1_22' title='bbox 2006 944 2078 1037; x_wconf 91' lang='lat' dir='ltr'>igni</span> <span class='ocrx_word' id='word_1_23' title='bbox 2103 962 2170 1014; x_wconf 89' lang='lat' dir='ltr'>tra·</span> 
     </span>
     <span class='ocr_line' id='line_1_4' title="bbox 740 1033 2171 1126; baseline 0.001 -23"><span class='ocrx_word' id='word_1_24' title='bbox 740 1035 936 1120; x_wconf 73' lang='lat' dir='ltr'>debantur,</span> <span class='ocrx_word' id='word_1_25' title='bbox 953 1042 991 1121; x_wconf 81' lang='lat'>4⁰</span> <span class='ocrx_word' id='word_1_26' title='bbox 1005 1051 1112 1126; x_wconf 91' lang='lat' dir='ltr'>caput</span> <span class='ocrx_word' id='word_1_27' title='bbox 1127 1057 1183 1103; x_wconf 91' lang='lat' dir='ltr'>am</span> <span class='ocrx_word' id='word_1_28' title='bbox 1213 1034 1380 1117; x_wconf 78' lang='lat' dir='ltr'>utabant3</span> <span class='ocrx_word' id='word_1_29' title='bbox 1398 1037 1432 1103; x_wconf 77' lang='lat'>5⁰</span> <span class='ocrx_word' id='word_1_30' title='bbox 1448 1056 1578 1125; x_wconf 88' lang='lat' dir='ltr'>corpus</span> <span class='ocrx_word' id='word_1_31' title='bbox 1593 1034 1629 1102; x_wconf 95' lang='lat' dir='ltr'>in</span> <span class='ocrx_word' id='word_1_32' title='bbox 1650 1051 1800 1124; x_wconf 90' lang='lat' dir='ltr'>quatuor</span> <span class='ocrx_word' id='word_1_33' title='bbox 1819 1049 1937 1124; x_wconf 89' lang='lat' dir='ltr'>partes</span> <span class='ocrx_word' id='word_1_34' title='bbox 1960 1033 2171 1104; x_wconf 89' lang='lat' dir='ltr'>concideba-</span> 
     </span>
     <span class='ocr_line' id='line_1_5' title="bbox 740 1057 1717 1213; baseline 0.001 -23"><span class='ocrx_word' id='word_1_35' title='bbox 740 1140 821 1208; x_wconf 75' lang='lat' dir='ltr'>tur,</span> <span class='ocrx_word' id='word_1_36' title='bbox 841 1127 879 1194; x_wconf 72' lang='grc' dir='ltr'>6ο</span> <span class='ocrx_word' id='word_1_37' title='bbox 896 1145 1026 1213; x_wconf 89' lang='lat' dir='ltr'>corpus</span> <span class='ocrx_word' id='word_1_38' title='bbox 1044 1138 1077 1191; x_wconf 90' lang='lat' dir='ltr'>et</span> <span class='ocrx_word' id='word_1_39' title='bbox 1092 1057 1251 1193; x_wconf 83' lang='lat' dir='ltr'>membra</span> <span class='ocrx_word' id='word_1_40' title='bbox 1268 1123 1302 1191; x_wconf 93' lang='lat' dir='ltr'>in</span> <span class='ocrx_word' id='word_1_41' title='bbox 1318 1121 1464 1191; x_wconf 89' lang='lat' dir='ltr'>arbitrio</span> <span class='ocrx_word' id='word_1_42' title='bbox 1481 1121 1590 1213; x_wconf 88' lang='lat' dir='ltr'>Regis</span> <span class='ocrx_word' id='word_1_43' title='bbox 1607 1141 1717 1191; x_wconf 88' lang='lat' dir='ltr'>erant.</span> 
     </span>
    </p>
   </div>
   <div class='ocr_carea' id='block_1_3' title="bbox 785 1226 1447 1320">
    <p class='ocr_par' dir='ltr' id='par_1_3' title="bbox 785 1226 1447 1320">
     <span class='ocr_line' id='line_1_6' title="bbox 785 1226 1447 1320; baseline -0.006 -21"><span class='ocrx_word' id='word_1_44' title='bbox 785 1251 803 1298; x_wconf 86' lang='lat'>2</span> <span class='ocrx_word' id='word_1_45' title='bbox 853 1230 966 1299; x_wconf 90' lang='lat' dir='ltr'>Prave</span> <span class='ocrx_word' id='word_1_46' title='bbox 981 1227 1017 1297; x_wconf 92' lang='lat' dir='ltr'>in</span> <span class='ocrx_word' id='word_1_47' title='bbox 1038 1244 1068 1297; x_wconf 83' lang='grc' dir='ltr'>ι·</span> <span class='ocrx_word' id='word_1_48' title='bbox 1083 1227 1257 1297; x_wconf 89' lang='lat' dir='ltr'><strong>editione:</strong></span> <span class='ocrx_word' id='word_1_49' title='bbox 1275 1226 1447 1320; x_wconf 81' lang='lat' dir='ltr'>Aliyrdle.</span> 
     </span>
    </p>
   </div>
   <div class='ocr_carea' id='block_1_4' title="bbox 741 1330 2171 1864">
    <p class='ocr_par' dir='ltr' id='par_1_4' title="bbox 741 1330 2171 1864">
     <span class='ocr_line' id='line_1_7' title="bbox 786 1330 2169 1416; baseline -0.001 -15"><span class='ocrx_word' id='word_1_50' title='bbox 786 1335 805 1402; x_wconf 99' lang='lat'>3</span> <span class='ocrx_word' id='word_1_51' title='bbox 854 1335 895 1402; x_wconf 94' lang='lat' dir='ltr'>In</span> <span class='ocrx_word' id='word_1_52' title='bbox 929 1349 960 1401; x_wconf 88' lang='grc' dir='ltr'>ι·</span> <span class='ocrx_word' id='word_1_53' title='bbox 982 1333 1134 1401; x_wconf 89' lang='lat' dir='ltr'>editione</span> <span class='ocrx_word' id='word_1_54' title='bbox 1156 1333 1333 1401; x_wconf 90' lang='lat' dir='ltr'>invenitur</span> <span class='ocrx_word' id='word_1_55' title='bbox 1356 1355 1429 1400; x_wconf 92' lang='lat' dir='ltr'>non</span> <span class='ocrx_word' id='word_1_56' title='bbox 1452 1334 1485 1400; x_wconf 91' lang='lat' dir='ltr'>T</span> <span class='ocrx_word' id='word_1_57' title='bbox 1510 1332 1616 1416; x_wconf 93' lang='lat' dir='ltr'>burn,</span> <span class='ocrx_word' id='word_1_58' title='bbox 1644 1332 1706 1400; x_wconf 90' lang='lat' dir='ltr'>sed</span> <span class='ocrx_word' id='word_1_59' title='bbox 1729 1330 1860 1400; x_wconf 87' lang='lat' dir='ltr'><em>bubali.</em></span> <span class='ocrx_word' id='word_1_60' title='bbox 1884 1331 2032 1400; x_wconf 86' lang='lat' dir='ltr'>Certum</span> <span class='ocrx_word' id='word_1_61' title='bbox 2051 1346 2169 1400; x_wconf 90' lang='lat' dir='ltr'>autem</span> 
     </span>
     <span class='ocr_line' id='line_1_8' title="bbox 741 1419 2170 1512; baseline -0.001 -24"><span class='ocrx_word' id='word_1_62' title='bbox 741 1421 892 1504; x_wconf 89' lang='lat' dir='ltr'>videtur,</span> <span class='ocrx_word' id='word_1_63' title='bbox 919 1421 955 1489; x_wconf 92' lang='lat' dir='ltr'>in</span> <span class='ocrx_word' id='word_1_64' title='bbox 990 1421 1151 1512; x_wconf 84' lang='lat' dir='ltr'>originali</span> <span class='ocrx_word' id='word_1_65' title='bbox 1178 1420 1310 1492; x_wconf 88' lang='lat' dir='ltr'>Codice</span> <span class='ocrx_word' id='word_1_66' title='bbox 1331 1420 1436 1490; x_wconf 87' lang='lat' dir='ltr'>fuisse</span> <span class='ocrx_word' id='word_1_67' title='bbox 1495 1420 1626 1510; x_wconf 92' lang='lat' dir='ltr'>yburn.</span> <span class='ocrx_word' id='word_1_68' title='bbox 1654 1419 1793 1488; x_wconf 86' lang='lat' dir='ltr'>Etenim</span> <span class='ocrx_word' id='word_1_69' title='bbox 1817 1419 1853 1488; x_wconf 92' lang='lat' dir='ltr'>in</span> <span class='ocrx_word' id='word_1_70' title='bbox 1882 1419 2103 1510; x_wconf 87' lang='lat' dir='ltr'>compendio,</span> <span class='ocrx_word' id='word_1_71' title='bbox 2129 1441 2170 1487; x_wconf 82' lang='lat' dir='ltr'>ex</span> 
     </span>
     <span class='ocr_line' id='line_1_9' title="bbox 741 1507 2169 1600; baseline -0.003 -22"><span class='ocrx_word' id='word_1_72' title='bbox 741 1509 902 1600; x_wconf 85' lang='lat' dir='ltr'>originali</span> <span class='ocrx_word' id='word_1_73' title='bbox 917 1507 1064 1592; x_wconf 77' lang='lat' dir='ltr'>Codice,</span> <span class='ocrx_word' id='word_1_74' title='bbox 1081 1509 1154 1577; x_wconf 91' lang='lat' dir='ltr'>sive</span> <span class='ocrx_word' id='word_1_75' title='bbox 1171 1508 1374 1578; x_wconf 86' lang='lat' dir='ltr'>immediate</span> <span class='ocrx_word' id='word_1_76' title='bbox 1390 1509 1463 1576; x_wconf 92' lang='lat' dir='ltr'>sive</span> <span class='ocrx_word' id='word_1_77' title='bbox 1479 1509 1641 1594; x_wconf 90' lang='lat' dir='ltr'>mediate,</span> <span class='ocrx_word' id='word_1_78' title='bbox 1657 1530 1678 1576; x_wconf 91' lang='lat' dir='ltr'>a</span> <span class='ocrx_word' id='word_1_79' title='bbox 1692 1509 1848 1597; x_wconf 91' lang='lat' dir='ltr'>quodam</span> <span class='ocrx_word' id='word_1_80' title='bbox 1866 1508 1974 1598; x_wconf 86' lang='lat' dir='ltr'>Belga</span> <span class='ocrx_word' id='word_1_81' title='bbox 1991 1523 2169 1597; x_wconf 82' lang='lat' dir='ltr'>excerpto,</span> 
     </span>
     <span class='ocr_line' id='line_1_10' title="bbox 741 1595 2167 1687; baseline -0.003 -20"><span class='ocrx_word' id='word_1_82' title='bbox 741 1599 837 1687; x_wconf 94' lang='lat' dir='ltr'>quod</span> <span class='ocrx_word' id='word_1_83' title='bbox 869 1599 991 1666; x_wconf 92' lang='lat' dir='ltr'>Patres</span> <span class='ocrx_word' id='word_1_84' title='bbox 1023 1596 1250 1665; x_wconf 88' lang='lat' dir='ltr'>Bollandistae</span> <span class='ocrx_word' id='word_1_85' title='bbox 1286 1596 1322 1664; x_wconf 95' lang='lat' dir='ltr'>in</span> <span class='ocrx_word' id='word_1_86' title='bbox 1365 1598 1478 1665; x_wconf 92' lang='lat' dir='ltr'>lucem</span> <span class='ocrx_word' id='word_1_87' title='bbox 1518 1597 1742 1686; x_wconf 91' lang='lat' dir='ltr'>protulerunt</span> <span class='ocrx_word' id='word_1_88' title='bbox 1784 1596 1964 1683; x_wconf 82' lang='lat' dir='ltr'>(Analecta</span> <span class='ocrx_word' id='word_1_89' title='bbox 2002 1595 2167 1663; x_wconf 90' lang='lat' dir='ltr'>Bolland.</span> 
     </span>
     <span class='ocr_line' id='line_1_11' title="bbox 741 1682 2171 1776; baseline -0.002 -22"><span class='ocrx_word' id='word_1_90' title='bbox 741 1709 789 1770; x_wconf 86' lang='lat' dir='ltr'>vr,</span> <span class='ocrx_word' id='word_1_91' title='bbox 823 1685 935 1776; x_wconf 88' lang='lat'>1887),</span> <span class='ocrx_word' id='word_1_92' title='bbox 957 1707 1027 1753; x_wconf 93' lang='lat' dir='ltr'>non</span> <span class='ocrx_word' id='word_1_93' title='bbox 1055 1684 1184 1766; x_wconf 82' lang='lat' dir='ltr'>bubali,</span> <span class='ocrx_word' id='word_1_94' title='bbox 1207 1703 1269 1752; x_wconf 90' lang='lat' dir='ltr'>aut</span> <span class='ocrx_word' id='word_1_95' title='bbox 1282 1683 1450 1775; x_wconf 80' lang='lat' dir='ltr'>patibuli,</span> <span class='ocrx_word' id='word_1_96' title='bbox 1476 1701 1538 1751; x_wconf 91' lang='lat' dir='ltr'>aut</span> <span class='ocrx_word' id='word_1_97' title='bbox 1557 1684 1688 1773; x_wconf 91' lang='lat' dir='ltr'>aliquid</span> <span class='ocrx_word' id='word_1_98' title='bbox 1713 1684 1840 1767; x_wconf 89' lang='lat' dir='ltr'>simile,</span> <span class='ocrx_word' id='word_1_99' title='bbox 1864 1704 1989 1752; x_wconf 90' lang='lat' dir='ltr'>verum</span> <span class='ocrx_word' id='word_1_100' title='bbox 2008 1682 2171 1766; x_wconf 76' lang='lat' dir='ltr'>Srburue</span> 
     </span>
     <span class='ocr_line' id='line_1_12' title="bbox 743 1770 2168 1864; baseline -0.002 -23"><span class='ocrx_word' id='word_1_101' title='bbox 743 1773 892 1864; x_wconf 89' lang='lat' dir='ltr'>legitur(</span> <span class='ocrx_word' id='word_1_102' title='bbox 920 1827 926 1840; x_wconf 95' lang='lat'><strong>.</strong></span> <span class='ocrx_word' id='word_1_103' title='bbox 950 1775 1008 1860; x_wconf 88' lang='lat'>43.</span> <span class='ocrx_word' id='word_1_104' title='bbox 1027 1773 1085 1841; x_wconf 92' lang='lat' dir='ltr'>lin.</span> <span class='ocrx_word' id='word_1_105' title='bbox 1104 1774 1147 1860; x_wconf 76' lang='lat'>3).</span> <span class='ocrx_word' id='word_1_106' title='bbox 1170 1772 1297 1843; x_wconf 91' lang='lat' dir='ltr'>Surius</span> <span class='ocrx_word' id='word_1_107' title='bbox 1317 1789 1445 1853; x_wconf 90' lang='lat' dir='ltr'>autem,</span> <span class='ocrx_word' id='word_1_108' title='bbox 1467 1772 1527 1860; x_wconf 93' lang='lat' dir='ltr'>qui</span> <span class='ocrx_word' id='word_1_109' title='bbox 1547 1773 1641 1840; x_wconf 89' lang='lat' dir='ltr'>hunc</span> <span class='ocrx_word' id='word_1_110' title='bbox 1657 1773 1776 1840; x_wconf 91' lang='lat' dir='ltr'>locum</span> <span class='ocrx_word' id='word_1_111' title='bbox 1800 1772 1873 1839; x_wconf 86' lang='lat' dir='ltr'>fere</span> <span class='ocrx_word' id='word_1_112' title='bbox 1897 1773 1941 1840; x_wconf 90' lang='lat' dir='ltr'>ad</span> <span class='ocrx_word' id='word_1_113' title='bbox 1962 1771 2112 1839; x_wconf 89' lang='lat' dir='ltr'>verbum</span> <span class='ocrx_word' id='word_1_114' title='bbox 2132 1770 2168 1839; x_wconf 94' lang='lat' dir='ltr'>in</span> 
     </span>
    </p>
   </div>
   <div class='ocr_carea' id='block_1_5' title="bbox 742 1796 2169 1961">
    <p class='ocr_par' dir='ltr' id='par_1_5' title="bbox 742 1796 2169 1961">
     <span class='ocr_line' id='line_1_13' title="bbox 742 1796 2169 1961; baseline -0.001 -33"><span class='ocrx_word' id='word_1_115' title='bbox 742 1883 846 1929; x_wconf 91' lang='lat' dir='ltr'>suum</span> <span class='ocrx_word' id='word_1_116' title='bbox 871 1796 1002 1929; x_wconf 83' lang='lat' dir='ltr'>librum</span> <span class='ocrx_word' id='word_1_117' title='bbox 1025 1862 1214 1944; x_wconf 78' lang='lat' dir='ltr'>transtulit,</span> <span class='ocrx_word' id='word_1_118' title='bbox 1234 1871 1265 1922; x_wconf 82' lang='grc' dir='ltr'>τὸ</span> <span class='ocrx_word' id='word_1_119' title='bbox 1281 1860 1401 1928; x_wconf 81' lang='lat' dir='ltr'>bubali</span> <span class='ocrx_word' id='word_1_120' title='bbox 1417 1859 1628 1950; x_wconf 88' lang='lat' dir='ltr'>repudiavit,</span> <span class='ocrx_word' id='word_1_121' title='bbox 1648 1877 1681 1928; x_wconf 90' lang='lat' dir='ltr'>et</span> <span class='ocrx_word' id='word_1_122' title='bbox 1700 1860 1841 1950; x_wconf 89' lang='lat' dir='ltr'>scripsit</span> <span class='ocrx_word' id='word_1_123' title='bbox 1857 1877 1864 1928; x_wconf 92' lang='lat'>:</span> <span class='ocrx_word' id='word_1_124' title='bbox 1880 1858 2059 1961; x_wconf 69' lang='lat' dir='ltr'>supplicii.</span> <span class='ocrx_word' id='word_1_125' title='bbox 2078 1860 2169 1927; x_wconf 91' lang='lat' dir='ltr'>ltem</span> 
     </span>
    </p>
   </div>
   <div class='ocr_carea' id='block_1_6' title="bbox 741 1948 2170 2303">
    <p class='ocr_par' dir='ltr' id='par_1_6' title="bbox 741 1948 2170 2303">
     <span class='ocr_line' id='line_1_14' title="bbox 744 1948 2168 2037; baseline -0.001 -21"><span class='ocrx_word' id='word_1_126' title='bbox 744 1950 954 2030; x_wconf 85' lang='lat' dir='ltr'>Havensius,</span> <span class='ocrx_word' id='word_1_127' title='bbox 981 1950 1016 2017; x_wconf 92' lang='lat' dir='ltr'>in</span> <span class='ocrx_word' id='word_1_128' title='bbox 1041 1949 1193 2017; x_wconf 90' lang='lat' dir='ltr'>editione</span> <span class='ocrx_word' id='word_1_129' title='bbox 1221 1971 1278 2017; x_wconf 90' lang='lat' dir='ltr'>an.</span> <span class='ocrx_word' id='word_1_130' title='bbox 1308 1948 1410 2031; x_wconf 88' lang='lat'>1608,</span> <span class='ocrx_word' id='word_1_131' title='bbox 1430 1948 1525 2016; x_wconf 91' lang='lat' dir='ltr'>istud</span> <span class='ocrx_word' id='word_1_132' title='bbox 1548 1948 1697 2016; x_wconf 92' lang='lat' dir='ltr'>verbum</span> <span class='ocrx_word' id='word_1_133' title='bbox 1720 1964 1946 2037; x_wconf 85' lang='lat' dir='ltr'>praetermrsrt</span> <span class='ocrx_word' id='word_1_134' title='bbox 1964 1949 2011 2037; x_wconf 78' lang='lat' dir='ltr'>(p.</span> <span class='ocrx_word' id='word_1_135' title='bbox 2038 1949 2109 2033; x_wconf 83' lang='lat'><strong>80.)</strong></span> <span class='ocrx_word' id='word_1_136' title='bbox 2124 1986 2168 1998; x_wconf 94' lang='lat'><em>-</em></span> 
     </span>
     <span class='ocr_line' id='line_1_15' title="bbox 741 2034 2170 2192; baseline -0.001 -89"><span class='ocrx_word' id='word_1_137' title='bbox 741 2037 872 2105; x_wconf 85' lang='lat' dir='ltr'>Bubali</span> <span class='ocrx_word' id='word_1_138' title='bbox 885 2060 968 2128; x_wconf 89' lang='lat' dir='ltr'>ergo</span> <span class='ocrx_word' id='word_1_139' title='bbox 984 2038 1153 2105; x_wconf 91' lang='lat' dir='ltr'>mendum</span> <span class='ocrx_word' id='word_1_140' title='bbox 1175 2059 1248 2105; x_wconf 90' lang='lat' dir='ltr'>esse</span> <span class='ocrx_word' id='word_1_141' title='bbox 1259 2035 1426 2106; x_wconf 88' lang='lat' dir='ltr'>Germani</span> <span class='ocrx_word' id='word_1_142' title='bbox 1441 2052 1477 2126; x_wconf 89' lang='lat' dir='ltr'>ty</span> <span class='ocrx_word' id='word_1_143' title='bbox 1503 2037 1650 2192; x_wconf 54' lang='lat' dir='ltr'>ographi</span> <span class='ocrx_word' id='word_1_144' title='bbox 1666 2034 1912 2104; x_wconf 87' lang='lat' dir='ltr'>existimamus</span> <span class='ocrx_word' id='word_1_145' title='bbox 1934 2053 1942 2103; x_wconf 74' lang='grc' dir='ltr'>ε</span> <span class='ocrx_word' id='word_1_146' title='bbox 1960 2034 2094 2118; x_wconf 89' lang='lat' dir='ltr'>bubali,</span> <span class='ocrx_word' id='word_1_147' title='bbox 2111 2056 2170 2103; x_wconf 90' lang='lat' dir='ltr'>ca·</span> 
     </span>
     <span class='ocr_line' id='line_1_16' title="bbox 743 2059 2170 2216; baseline -0.001 -24"><span class='ocrx_word' id='word_1_148' title='bbox 743 2126 836 2193; x_wconf 89' lang='lat' dir='ltr'>lamo</span> <span class='ocrx_word' id='word_1_149' title='bbox 851 2124 1035 2216; x_wconf 91' lang='lat' dir='ltr'>scriptum,</span> <span class='ocrx_word' id='word_1_150' title='bbox 1054 2148 1124 2192; x_wconf 94' lang='lat' dir='ltr'>non</span> <span class='ocrx_word' id='word_1_151' title='bbox 1139 2127 1294 2193; x_wconf 91' lang='lat' dir='ltr'>multum</span> <span class='ocrx_word' id='word_1_152' title='bbox 1315 2124 1431 2192; x_wconf 88' lang='lat' dir='ltr'>differt</span> <span class='ocrx_word' id='word_1_153' title='bbox 1443 2147 1462 2191; x_wconf 92' lang='lat' dir='ltr'>a</span> <span class='ocrx_word' id='word_1_154' title='bbox 1476 2059 1532 2214; x_wconf 64' lang='lat' dir='ltr'>by</span> <span class='ocrx_word' id='word_1_155' title='bbox 1561 2147 1627 2192; x_wconf 93' lang='lat' dir='ltr'>urn</span> <span class='ocrx_word' id='word_1_156' title='bbox 1642 2149 1652 2208; x_wconf 73' lang='grc' dir='ltr'><strong>ς</strong></span> <span class='ocrx_word' id='word_1_157' title='bbox 1665 2125 1758 2192; x_wconf 92' lang='lat' dir='ltr'>idem</span> <span class='ocrx_word' id='word_1_158' title='bbox 1779 2141 1831 2193; x_wconf 90' lang='lat' dir='ltr'>est</span> <span class='ocrx_word' id='word_1_159' title='bbox 1850 2145 2021 2192; x_wconf 88' lang='lat' dir='ltr'>numerus</span> <span class='ocrx_word' id='word_1_160' title='bbox 2039 2123 2170 2191; x_wconf 87' lang='lat' dir='ltr'>littera-</span> 
     </span>
     <span class='ocr_line' id='line_1_17' title="bbox 743 2212 1726 2303; baseline 0.001 -23"><span class='ocrx_word' id='word_1_161' title='bbox 743 2234 839 2297; x_wconf 91' lang='lat' dir='ltr'>rum,</span> <span class='ocrx_word' id='word_1_162' title='bbox 860 2213 1002 2303; x_wconf 88' lang='lat' dir='ltr'>syllabae</span> <span class='ocrx_word' id='word_1_163' title='bbox 1018 2214 1144 2282; x_wconf 87' lang='lat' dir='ltr'>mediae</span> <span class='ocrx_word' id='word_1_164' title='bbox 1160 2212 1203 2280; x_wconf 86' lang='lat' dir='ltr'>ba</span> <span class='ocrx_word' id='word_1_165' title='bbox 1218 2228 1252 2281; x_wconf 91' lang='lat' dir='ltr'>et</span> <span class='ocrx_word' id='word_1_166' title='bbox 1273 2214 1315 2281; x_wconf 95' lang='lat' dir='ltr'>bu</span> <span class='ocrx_word' id='word_1_167' title='bbox 1335 2213 1527 2281; x_wconf 86' lang='lat' dir='ltr'>simillimae</span> <span class='ocrx_word' id='word_1_168' title='bbox 1548 2230 1645 2299; x_wconf 90' lang='lat' dir='ltr'>sunt,</span> <span class='ocrx_word' id='word_1_169' title='bbox 1661 2229 1726 2281; x_wconf 90' lang='lat' dir='ltr'>etc.</span> 
     </span>
    </p>
   </div>
   <div class='ocr_carea' id='block_1_7' title="bbox 1367 2460 1555 2548">
    <p class='ocr_par' dir='ltr' id='par_1_7' title="bbox 1367 2460 1555 2548">
     <span class='ocr_line' id='line_1_18' title="bbox 1367 2460 1555 2548; baseline 0 -22"><span class='ocrx_word' id='word_1_170' title='bbox 1367 2460 1453 2548; x_wconf 88' lang='lat' dir='ltr'>Pag.</span> <span class='ocrx_word' id='word_1_171' title='bbox 1479 2477 1555 2544; x_wconf 89' lang='lat'>104.</span> 
     </span>
    </p>
   </div>
   <div class='ocr_carea' id='block_1_8' title="bbox 742 2649 2172 3095">
    <p class='ocr_par' dir='ltr' id='par_1_8' title="bbox 742 2649 2172 3095">
     <span class='ocr_line' id='line_1_19' title="bbox 792 2649 2172 2741; baseline 0 -22"><span class='ocrx_word' id='word_1_172' title='bbox 792 2673 803 2719; x_wconf 88' lang='lat'>1</span> <span class='ocrx_word' id='word_1_173' title='bbox 855 2650 974 2718; x_wconf 91' lang='lat' dir='ltr'>Testis</span> <span class='ocrx_word' id='word_1_174' title='bbox 992 2651 1071 2733; x_wconf 83' lang='lat' dir='ltr'>suit,</span> <span class='ocrx_word' id='word_1_175' title='bbox 1089 2668 1128 2719; x_wconf 91' lang='lat' dir='ltr'>ut</span> <span class='ocrx_word' id='word_1_176' title='bbox 1141 2649 1248 2718; x_wconf 84' lang='lat' dir='ltr'>refert</span> <span class='ocrx_word' id='word_1_177' title='bbox 1264 2649 1388 2720; x_wconf 88' lang='lat' dir='ltr'>Simon</span> <span class='ocrx_word' id='word_1_178' title='bbox 1404 2650 1565 2718; x_wconf 90' lang='lat' dir='ltr'>Weisser</span> <span class='ocrx_word' id='word_1_179' title='bbox 1579 2652 1624 2738; x_wconf 87' lang='lat' dir='ltr'>(in</span> <span class='ocrx_word' id='word_1_180' title='bbox 1644 2651 1802 2741; x_wconf 91' lang='lat' dir='ltr'>Epistola</span> <span class='ocrx_word' id='word_1_181' title='bbox 1818 2650 2034 2719; x_wconf 88' lang='lat' dir='ltr'>dedicatoria</span> <span class='ocrx_word' id='word_1_182' title='bbox 2050 2649 2172 2719; x_wconf 91' lang='lat' dir='ltr'>editio-</span> 
     </span>
     <span class='ocr_line' id='line_1_20' title="bbox 743 2738 2171 2829; baseline 0 -22"><span class='ocrx_word' id='word_1_183' title='bbox 743 2739 798 2807; x_wconf 91' lang='lat' dir='ltr'>nis</span> <span class='ocrx_word' id='word_1_184' title='bbox 816 2738 1128 2829; x_wconf 88' lang='lat' dir='ltr'>Wirceburgensis</span> <span class='ocrx_word' id='word_1_185' title='bbox 1150 2761 1206 2806; x_wconf 88' lang='lat' dir='ltr'>an.</span> <span class='ocrx_word' id='word_1_186' title='bbox 1234 2738 1333 2821; x_wconf 85' lang='lat'>1608,</span> <span class='ocrx_word' id='word_1_187' title='bbox 1351 2762 1385 2828; x_wconf 92' lang='lat' dir='ltr'>p.</span> <span class='ocrx_word' id='word_1_188' title='bbox 1400 2740 1470 2824; x_wconf 69' lang='lat' dir='ltr'>ru),</span> <span class='ocrx_word' id='word_1_189' title='bbox 1486 2739 1665 2807; x_wconf 84' lang='lat' dir='ltr'>Antonius</span> <span class='ocrx_word' id='word_1_190' title='bbox 1684 2740 1845 2824; x_wconf 90' lang='lat' dir='ltr'>Rescius,</span> <span class='ocrx_word' id='word_1_191' title='bbox 1866 2761 1907 2807; x_wconf 85' lang='lat' dir='ltr'>ex</span> <span class='ocrx_word' id='word_1_192' title='bbox 1922 2738 2059 2810; x_wconf 90' lang='lat' dir='ltr'>Ordine</span> <span class='ocrx_word' id='word_1_193' title='bbox 2077 2739 2171 2807; x_wconf 84' lang='lat' dir='ltr'>Prae-</span> 
     </span>
     <span class='ocr_line' id='line_1_21' title="bbox 743 2827 2172 2917; baseline -0.001 -21"><span class='ocrx_word' id='word_1_194' title='bbox 743 2827 954 2912; x_wconf 89' lang='lat' dir='ltr'>dicatorum,</span> <span class='ocrx_word' id='word_1_195' title='bbox 976 2828 1036 2916; x_wconf 93' lang='lat' dir='ltr'>qui</span> <span class='ocrx_word' id='word_1_196' title='bbox 1056 2829 1095 2894; x_wconf 93' lang='lat' dir='ltr'>B.</span> <span class='ocrx_word' id='word_1_197' title='bbox 1120 2829 1292 2896; x_wconf 90' lang='lat' dir='ltr'>Joannem</span> <span class='ocrx_word' id='word_1_198' title='bbox 1312 2828 1507 2917; x_wconf 91' lang='lat' dir='ltr'>Houghton</span> <span class='ocrx_word' id='word_1_199' title='bbox 1526 2843 1670 2895; x_wconf 88' lang='lat' dir='ltr'>noverat</span> <span class='ocrx_word' id='word_1_200' title='bbox 1690 2827 1921 2909; x_wconf 85' lang='lat' dir='ltr'>familiariter,</span> <span class='ocrx_word' id='word_1_201' title='bbox 1944 2844 1978 2895; x_wconf 91' lang='lat' dir='ltr'>et</span> <span class='ocrx_word' id='word_1_202' title='bbox 1997 2828 2086 2896; x_wconf 90' lang='lat' dir='ltr'>dum</span> <span class='ocrx_word' id='word_1_203' title='bbox 2112 2849 2172 2894; x_wconf 86' lang='lat' dir='ltr'>ex-</span> 
     </span>
     <span class='ocr_line' id='line_1_22' title="bbox 743 2913 2172 3006; baseline -0.001 -23"><span class='ocrx_word' id='word_1_204' title='bbox 743 2915 1019 2995; x_wconf 88' lang='lat' dir='ltr'>carnificaretur,</span> <span class='ocrx_word' id='word_1_205' title='bbox 1035 2915 1218 2997; x_wconf 71' lang='lat' dir='ltr'>adstabat,</span> <span class='ocrx_word' id='word_1_206' title='bbox 1242 2913 1301 3003; x_wconf 92' lang='lat' dir='ltr'>qui</span> <span class='ocrx_word' id='word_1_207' title='bbox 1325 2932 1445 3004; x_wconf 88' lang='lat' dir='ltr'>postea</span> <span class='ocrx_word' id='word_1_208' title='bbox 1465 2914 1499 2985; x_wconf 88' lang='lat' dir='ltr'>S.</span> <span class='ocrx_word' id='word_1_209' title='bbox 1523 2916 1728 3006; x_wconf 87' lang='lat' dir='ltr'>Theologiae</span> <span class='ocrx_word' id='word_1_210' title='bbox 1747 2917 1877 2983; x_wconf 88' lang='lat' dir='ltr'>Doctor</span> <span class='ocrx_word' id='word_1_211' title='bbox 1895 2914 2013 3005; x_wconf 81' lang='lat'>(1563)</span> <span class='ocrx_word' id='word_1_212' title='bbox 2033 2931 2067 2983; x_wconf 89' lang='lat' dir='ltr'>et</span> <span class='ocrx_word' id='word_1_213' title='bbox 2085 2914 2172 2986; x_wconf 85' lang='lat' dir='ltr'>suf-</span> 
     </span>
     <span class='ocr_line' id='line_1_23' title="bbox 742 3001 1901 3095; baseline 0.001 -25"><span class='ocrx_word' id='word_1_214' title='bbox 742 3001 927 3095; x_wconf 84' lang='lat' dir='ltr'>fraganeus</span> <span class='ocrx_word' id='word_1_215' title='bbox 951 3001 1264 3093; x_wconf 91' lang='lat' dir='ltr'>Wirceburgensis</span> <span class='ocrx_word' id='word_1_216' title='bbox 1285 3002 1394 3070; x_wconf 91' lang='lat' dir='ltr'>evasit</span> <span class='ocrx_word' id='word_1_217' title='bbox 1415 3004 1541 3091; x_wconf 81' lang='lat'><strong>(1567).</strong></span> <span class='ocrx_word' id='word_1_218' title='bbox 1562 3002 1663 3074; x_wconf 93' lang='lat' dir='ltr'>Obiit</span> <span class='ocrx_word' id='word_1_219' title='bbox 1681 3026 1776 3071; x_wconf 89' lang='lat' dir='ltr'>anno</span> <span class='ocrx_word' id='word_1_220' title='bbox 1801 3002 1901 3072; x_wconf 88' lang='lat'>1583.</span> 
     </span>
    </p>
   </div>
   <div class='ocr_carea' id='block_1_9' title="bbox 742 3106 2171 3353">
    <p class='ocr_par' dir='ltr' id='par_1_9' title="bbox 742 3106 2171 3353">
     <span class='ocr_line' id='line_1_24' title="bbox 788 3106 2171 3198; baseline -0.002 -20"><span class='ocrx_word' id='word_1_221' title='bbox 788 3131 807 3178; x_wconf 84' lang='lat'>2</span> <span class='ocrx_word' id='word_1_222' title='bbox 864 3108 936 3176; x_wconf 87' lang='lat' dir='ltr'>Vix</span> <span class='ocrx_word' id='word_1_223' title='bbox 950 3117 1025 3175; x_wconf 79' lang='lat' dir='ltr'>tres</span> <span class='ocrx_word' id='word_1_224' title='bbox 1047 3129 1157 3176; x_wconf 84' lang='lat' dir='ltr'>anuos</span> <span class='ocrx_word' id='word_1_225' title='bbox 1176 3118 1209 3176; x_wconf 88' lang='lat' dir='ltr'>et</span> <span class='ocrx_word' id='word_1_226' title='bbox 1222 3106 1413 3176; x_wconf 85' lang='lat' dir='ltr'>dimidium</span> <span class='ocrx_word' id='word_1_227' title='bbox 1431 3109 1534 3176; x_wconf 91' lang='lat' dir='ltr'>Prior</span> <span class='ocrx_word' id='word_1_228' title='bbox 1557 3108 1644 3192; x_wconf 72' lang='lat' dir='ltr'>fuit,</span> <span class='ocrx_word' id='word_1_229' title='bbox 1660 3130 1782 3177; x_wconf 93' lang='lat' dir='ltr'>verum</span> <span class='ocrx_word' id='word_1_230' title='bbox 1809 3113 1946 3178; x_wconf 80' lang='lat' dir='ltr'>Auctor</span> <span class='ocrx_word' id='word_1_231' title='bbox 1962 3125 2081 3177; x_wconf 90' lang='lat' dir='ltr'>noster</span> <span class='ocrx_word' id='word_1_232' title='bbox 2104 3129 2171 3198; x_wconf 90' lang='lat' dir='ltr'>pro</span> 
     </span>
     <span class='ocr_line' id='line_1_25' title="bbox 742 3195 2170 3353; baseline 0 -89"><span class='ocrx_word' id='word_1_233' title='bbox 742 3218 836 3298; x_wconf 74' lang='lat' dir='ltr'>anno</span> <span class='ocrx_word' id='word_1_234' title='bbox 848 3196 982 3296; x_wconf 84' lang='lat' dir='ltr'>integro</span> <span class='ocrx_word' id='word_1_235' title='bbox 998 3212 1160 3353; x_wconf 51' lang='lat' dir='ltr'>n1313n5erat</span> <span class='ocrx_word' id='word_1_236' title='bbox 1175 3195 1281 3264; x_wconf 87' lang='lat' dir='ltr'>finem</span> <span class='ocrx_word' id='word_1_237' title='bbox 1295 3196 1378 3264; x_wconf 90' lang='lat' dir='ltr'>anni</span> <span class='ocrx_word' id='word_1_238' title='bbox 1395 3197 1476 3264; x_wconf 91' lang='lat'>1531</span> <span class='ocrx_word' id='word_1_239' title='bbox 1497 3218 1568 3285; x_wconf 93' lang='lat' dir='ltr'>quo</span> <span class='ocrx_word' id='word_1_240' title='bbox 1583 3198 1714 3266; x_wconf 89' lang='lat' dir='ltr'>electus</span> <span class='ocrx_word' id='word_1_241' title='bbox 1730 3214 1794 3282; x_wconf 89' lang='lat' dir='ltr'>est,</span> <span class='ocrx_word' id='word_1_242' title='bbox 1806 3214 1839 3265; x_wconf 90' lang='lat' dir='ltr'>et</span> <span class='ocrx_word' id='word_1_243' title='bbox 1854 3197 1986 3266; x_wconf 88' lang='lat' dir='ltr'>iterum</span> <span class='ocrx_word' id='word_1_244' title='bbox 1999 3219 2064 3288; x_wconf 91' lang='lat' dir='ltr'>pro</span> <span class='ocrx_word' id='word_1_245' title='bbox 2075 3218 2170 3264; x_wconf 92' lang='lat' dir='ltr'>anno</span> 
     </span>
     <span class='ocr_line' id='line_1_26' title="bbox 742 3301 1106 3353; baseline 0.003 -2"><span class='ocrx_word' id='word_1_246' title='bbox 742 3301 1018 3353; x_wconf 86' lang='lat' dir='ltr'>mmumanmr</span> <span class='ocrx_word' id='word_1_247' title='bbox 1099 3339 1106 3352; x_wconf 93' lang='lat'><strong>.</strong></span> 
     </span>
    </p>
   </div>
   <div class='ocr_carea' id='block_1_10' title="bbox 1358 3520 1552 3609">
    <p class='ocr_par' dir='ltr' id='par_1_10' title="bbox 1358 3520 1552 3609">
     <span class='ocr_line' id='line_1_27' title="bbox 1358 3520 1552 3609; baseline 0.01 -20"><span class='ocrx_word' id='word_1_248' title='bbox 1358 3520 1444 3609; x_wconf 91' lang='lat' dir='ltr'>Pag.</span> <span class='ocrx_word' id='word_1_249' title='bbox 1477 3524 1552 3591; x_wconf 86' lang='lat'><strong>105.</strong></span> 
     </span>
    </p>
   </div>
   <div class='ocr_carea' id='block_1_11' title="bbox 792 3715 1336 3805">
    <p class='ocr_par' dir='ltr' id='par_1_11' title="bbox 792 3715 1336 3805">
     <span class='ocr_line' id='line_1_28' title="bbox 792 3715 1336 3805; baseline -0.002 -22"><span class='ocrx_word' id='word_1_250' title='bbox 792 3736 803 3783; x_wconf 90' lang='lat'>1</span> <span class='ocrx_word' id='word_1_251' title='bbox 856 3715 907 3782; x_wconf 90' lang='lat' dir='ltr'>De</span> <span class='ocrx_word' id='word_1_252' title='bbox 928 3737 999 3805; x_wconf 92' lang='lat' dir='ltr'>quo</span> <span class='ocrx_word' id='word_1_253' title='bbox 1014 3735 1122 3805; x_wconf 84' lang='lat' dir='ltr'>supra</span> <span class='ocrx_word' id='word_1_254' title='bbox 1139 3737 1172 3804; x_wconf 89' lang='lat' dir='ltr'>p.</span> <span class='ocrx_word' id='word_1_255' title='bbox 1193 3735 1234 3781; x_wconf 80' lang='lat'>22</span> <span class='ocrx_word' id='word_1_256' title='bbox 1256 3730 1289 3781; x_wconf 91' lang='lat' dir='ltr'>et</span> <span class='ocrx_word' id='word_1_257' title='bbox 1308 3736 1336 3782; x_wconf 91' lang='lat' dir='ltr'>s.</span> 
     </span>
    </p>
   </div>
   <div class='ocr_carea' id='block_1_12' title="bbox 1359 3961 1552 4053">
    <p class='ocr_par' dir='ltr' id='par_1_12' title="bbox 1359 3961 1552 4053">
     <span class='ocr_line' id='line_1_29' title="bbox 1359 3961 1552 4053; baseline -0.021 -21"><span class='ocrx_word' id='word_1_258' title='bbox 1359 3963 1445 4053; x_wconf 86' lang='lat' dir='ltr'>Pag.</span> <span class='ocrx_word' id='word_1_259' title='bbox 1477 3961 1552 4029; x_wconf 82' lang='lat'><strong>106.</strong></span> 
     </span>
    </p>
   </div>
   <div class='ocr_carea' id='block_1_13' title="bbox 788 4151 2019 4352">
    <p class='ocr_par' dir='ltr' id='par_1_13' title="bbox 788 4151 2019 4352">
     <span class='ocr_line' id='line_1_30' title="bbox 792 4151 2019 4246; baseline -0.004 -22"><span class='ocrx_word' id='word_1_260' title='bbox 792 4179 803 4224; x_wconf 89' lang='lat'>1</span> <span class='ocrx_word' id='word_1_261' title='bbox 855 4155 895 4224; x_wconf 92' lang='lat' dir='ltr'>ld</span> <span class='ocrx_word' id='word_1_262' title='bbox 911 4171 963 4224; x_wconf 90' lang='lat' dir='ltr'>est</span> <span class='ocrx_word' id='word_1_263' title='bbox 978 4153 1101 4238; x_wconf 86' lang='lat' dir='ltr'>cilicii,</span> <span class='ocrx_word' id='word_1_264' title='bbox 1120 4156 1162 4224; x_wconf 95' lang='lat' dir='ltr'>de</span> <span class='ocrx_word' id='word_1_265' title='bbox 1183 4177 1255 4245; x_wconf 91' lang='lat' dir='ltr'>quo</span> <span class='ocrx_word' id='word_1_266' title='bbox 1276 4155 1403 4246; x_wconf 89' lang='lat' dir='ltr'>pagina</span> <span class='ocrx_word' id='word_1_267' title='bbox 1422 4152 1645 4246; x_wconf 87' lang='lat' dir='ltr'>praecedenti,</span> <span class='ocrx_word' id='word_1_268' title='bbox 1669 4168 1705 4244; x_wconf 83' lang='lat'>9·</span> <span class='ocrx_word' id='word_1_269' title='bbox 1724 4151 1786 4221; x_wconf 90' lang='lat' dir='ltr'>lin.</span> <span class='ocrx_word' id='word_1_270' title='bbox 1805 4168 1883 4221; x_wconf 88' lang='lat' dir='ltr'>ante</span> <span class='ocrx_word' id='word_1_271' title='bbox 1901 4151 2019 4220; x_wconf 88' lang='lat' dir='ltr'>finem.</span> 
     </span>
     <span class='ocr_line' id='line_1_31' title="bbox 788 4261 1319 4352; baseline 0.002 -24"><span class='ocrx_word' id='word_1_272' title='bbox 788 4283 806 4329; x_wconf 84' lang='lat'>2</span> <span class='ocrx_word' id='word_1_273' title='bbox 853 4261 944 4330; x_wconf 86' lang='lat' dir='ltr'>Vide</span> <span class='ocrx_word' id='word_1_274' title='bbox 964 4285 1000 4352; x_wconf 92' lang='lat' dir='ltr'>p.</span> <span class='ocrx_word' id='word_1_275' title='bbox 1025 4284 1103 4346; x_wconf 92' lang='lat' dir='ltr'>roo,</span> <span class='ocrx_word' id='word_1_276' title='bbox 1121 4261 1181 4330; x_wconf 92' lang='lat' dir='ltr'>lin.</span> <span class='ocrx_word' id='word_1_277' title='bbox 1202 4262 1220 4329; x_wconf 88' lang='lat'>3</span> <span class='ocrx_word' id='word_1_278' title='bbox 1238 4276 1273 4329; x_wconf 89' lang='lat' dir='ltr'>et</span> <span class='ocrx_word' id='word_1_279' title='bbox 1289 4282 1319 4329; x_wconf 86' lang='lat' dir='ltr'>s:</span> 
     </span>
    </p>
   </div>
   <div class='ocr_carea' id='block_1_14' title="bbox 1359 4505 1546 4596">
    <p class='ocr_par' dir='ltr' id='par_1_14' title="bbox 1359 4505 1546 4596">
     <span class='ocr_line' id='line_1_32' title="bbox 1359 4505 1546 4596; baseline 0 -22"><span class='ocrx_word' id='word_1_280' title='bbox 1359 4505 1445 4596; x_wconf 87' lang='lat' dir='ltr'>Pag.</span> <span class='ocrx_word' id='word_1_281' title='bbox 1473 4527 1546 4596; x_wconf 87' lang='lat'><strong>109.</strong></span> 
     </span>
    </p>
   </div>
   <div class='ocr_carea' id='block_1_15' title="bbox 742 4695 2171 4874">
    <p class='ocr_par' dir='ltr' id='par_1_15' title="bbox 742 4695 2171 4874">
     <span class='ocr_line' id='line_1_33' title="bbox 792 4695 2171 4791; baseline -0.005 -21"><span class='ocrx_word' id='word_1_282' title='bbox 792 4723 804 4770; x_wconf 93' lang='lat'>1</span> <span class='ocrx_word' id='word_1_283' title='bbox 854 4701 944 4770; x_wconf 90' lang='lat' dir='ltr'>Vide</span> <span class='ocrx_word' id='word_1_284' title='bbox 960 4722 1096 4791; x_wconf 66' lang='grc' dir='ltr'>μων,</span> <span class='ocrx_word' id='word_1_285' title='bbox 1109 4717 1183 4769; x_wconf 89' lang='lat' dir='ltr'>not.</span> <span class='ocrx_word' id='word_1_286' title='bbox 1194 4723 1222 4784; x_wconf 88' lang='lat'>1,</span> <span class='ocrx_word' id='word_1_287' title='bbox 1239 4714 1273 4767; x_wconf 94' lang='lat' dir='ltr'>et</span> <span class='ocrx_word' id='word_1_288' title='bbox 1285 4696 1404 4766; x_wconf 84' lang='lat' dir='ltr'>confer</span> <span class='ocrx_word' id='word_1_289' title='bbox 1419 4721 1454 4788; x_wconf 90' lang='lat' dir='ltr'>p.</span> <span class='ocrx_word' id='word_1_290' title='bbox 1482 4719 1558 4782; x_wconf 87' lang='lat'>112,</span> <span class='ocrx_word' id='word_1_291' title='bbox 1576 4697 1630 4766; x_wconf 91' lang='lat' dir='ltr'>his</span> <span class='ocrx_word' id='word_1_292' title='bbox 1649 4695 1797 4766; x_wconf 82' lang='lat' dir='ltr'>verbis«</span> <span class='ocrx_word' id='word_1_293' title='bbox 1815 4695 2004 4765; x_wconf 92' lang='lat' dir='ltr'>continuos</span> <span class='ocrx_word' id='word_1_294' title='bbox 2016 4712 2171 4786; x_wconf 85' lang='lat' dir='ltr'>quatuor</span> 
     </span>
     <span class='ocr_line' id='line_1_34' title="bbox 742 4805 1105 4874; baseline -0.006 -17"><span class='ocrx_word' id='word_1_295' title='bbox 742 4810 856 4859; x_wconf 84' lang='lat' dir='ltr'>annos</span> <span class='ocrx_word' id='word_1_296' title='bbox 872 4817 908 4874; x_wconf 85' lang='lat'>»‚</span> <span class='ocrx_word' id='word_1_297' title='bbox 925 4805 959 4858; x_wconf 88' lang='lat' dir='ltr'>et</span> <span class='ocrx_word' id='word_1_298' title='bbox 974 4806 1049 4858; x_wconf 91' lang='lat' dir='ltr'>not.</span> <span class='ocrx_word' id='word_1_299' title='bbox 1073 4809 1105 4855; x_wconf 89' lang='lat'>2.</span> 
     </span>
    </p>
   </div>
   <div class='ocr_carea' id='block_1_16' title="bbox 0 0 2381 6404">
    <p class='ocr_par' dir='ltr' id='par_1_16' title="bbox 0 0 2381 6404">
     <span class='ocr_line' id='line_1_35' title="bbox 0 0 2381 6404; baseline 0 0"><span class='ocrx_word' id='word_1_300' title='bbox 0 0 2381 6404; x_wconf 95' lang='lat' dir='ltr'> </span> 
     </span>
    </p>
   </div>
  </div>
 </body>
</html>
