4740 6414
1070 688 1288 746 —x11-·-

470 898 553 975 cet
584 899 637 976 et
663 871 918 976 Victoriae
949 873 1169 1010 reginae,
1200 872 1322 975 hinc
1360 874 1485 978 inde
1523 912 1744 979 munera
1782 879 1896 982 coI-

470 1038 575 1143 Iata
609 1064 750 1162 sunt,
786 1075 894 1142 non
929 1040 1043 1143 sine
1077 1039 1323 1142 humanis
1361 1038 1649 1179 amicisque
1681 1044 1891 1148 litteris.

471 1204 581 1309 Imo
600 1242 744 1327 vero,
768 1207 962 1347 elapsis
985 1206 1076 1312 vix
1093 1206 1276 1345 paucis
1301 1208 1590 1331 mensibus,
1611 1211 1786 1348 patuit
1803 1248 1897 1315 au-

471 1374 521 1475 la
550 1373 695 1513 regia
723 1373 925 1476 Nuntio
958 1372 1143 1474 Leonis
1179 1370 1311 1475 XIII.
1344 1371 1496 1475 Illum
1525 1376 1676 1513 quasi
1709 1379 1896 1517 praeci-

468 1579 579 1682 puo
619 1541 798 1644 studio
837 1542 1321 1645 cohonestaverunt
1357 1541 1567 1678 Angliae
1609 1543 1893 1668 Proceres3

470 1709 524 1811 in
554 1709 703 1811 illum
719 1708 863 1810 oculi
892 1707 1127 1811 omnium
1161 1744 1282 1808 cum
1309 1709 1606 1813 reverentia
1631 1716 1892 1817 conversi.

471 1874 582 1976 Prae
620 1873 969 1977 admiratione
1008 1873 1245 2013 populus
1288 1874 1580 2012 obstupuit.
1625 1873 1896 1983 Omnibus

471 2040 613 2143 enim
646 2041 967 2178 stupendum
996 2038 1292 2161 videbatur,
1324 2040 1390 2142 ab
1420 2040 1510 2142 illa
1544 2041 1746 2181 Regina
1775 2083 1896 2183 quae

472 2243 527 2309 se
567 2205 877 2343 Anglicanae
920 2204 1153 2307 ecclesiae
1202 2232 1447 2344 caputet
1491 2210 1896 2315 moderatricem

472 2372 679 2492 asserit,
724 2399 831 2473 tam
875 2371 1100 2473 comiter
1142 2399 1352 2510 tamque
1399 2374 1675 2512 splendide
1723 2380 1895 2519 excipi

471 2538 726 2643 vicarium
765 2537 924 2673 hujus
960 2537 1227 2639 Pontificis
1264 2538 1374 2676 qui,
1408 2542 1595 2642 eodem
1633 2568 1893 2683 tempore,

471 2706 536 2807 ad
572 2706 805 2807 honores
844 2703 1021 2806 altaris
1055 2702 1261 2807 ferebat
1289 2705 1408 2806 illos
1436 2706 1801 2812 ecclesiasticae
1829 2711 1894 2813 Ii·

472 2871 688 2973 bertatis
726 2896 882 2972 testes
921 2869 1165 2992 invictos,
1205 2908 1264 2972 ac
1306 2871 1474 2977 civilis
1509 2874 1561 2975 in
1607 2912 1691 2978 res
1721 2913 1895 2981 sacras

473 3036 800 3138 auctoritatis
830 3034 1216 3138 infensissimos
1249 3037 1460 3140 hostes!

544 3531 664 3632 Non
678 3558 850 3633 tamen
871 3558 984 3633 erat
999 3530 1433 3633 contraomnium
1448 3531 1893 3669 exspectationem

473 3698 631 3838 hujus
661 3697 738 3800 rei
769 3725 1004 3802 eventus.
1030 3696 1170 3798 Dum
1198 3696 1340 3799 enim
1358 3723 1512 3800 vetus
1542 3697 1755 3799 haeresis
1782 3697 1894 3838 ipsa

473 3890 732 3970 vetustate
753 3864 870 3981 ruit
888 3865 1016 3965 dum
1047 3901 1297 3965 numerus
1331 3863 1520 3965 crescit
1546 3863 1786 4000 quotidie
1811 3901 1892 3967 se·

474 4058 675 4132 ctarum
697 4068 815 4167 quae
835 4030 1001 4167 magis
1022 4067 1080 4131 ac
1102 4030 1266 4168 magis
1288 4031 1341 4131 in
1364 4028 1571 4132 diversa
1600 4068 1659 4132 ac
1683 4058 1892 4134 contra·

474 4197 551 4299 ria
589 4198 800 4316 abeunt,
823 4224 981 4334 atque
1009 4233 1145 4333 pene
1162 4196 1228 4298 ad
1256 4195 1482 4297 nihilum
1503 4198 1728 4298 redactae
1751 4224 1891 4319 sunt,

473 4363 700 4465 Ecclesia
729 4361 1008 4466 Catholica
1040 4398 1095 4464 se
1128 4362 1363 4463 ostendit
1390 4398 1599 4502 semper
1628 4400 1787 4465 unam
1816 4390 1893 4466 at·

474 4568 578 4666 que
616 4531 877 4650 eamdem,
900 4556 1150 4667 tantaque
1179 4528 1325 4667 viget
1342 4529 1619 4669 juventute
1650 4565 1744 4632 nec
1784 4566 1892 4632 non

474 4725 524 4799 et
553 4696 892 4818 fecunditate,
923 4722 982 4796 ut
1010 4695 1095 4799 vel
1124 4733 1309 4797 eorum
1339 4696 1430 4833 qui
1465 4695 1575 4835 ejus
1609 4697 1892 4799 auctorita·
