4776 6390
745 874 953 998 Spiritum
986 908 1119 968 unam
1149 910 1230 1000 per
1259 911 1412 971 omnes
1435 880 1582 1001 eloqui
1609 881 1854 972 veritatem.
1892 889 2170 1006 Quapropter

743 1030 868 1150 juxta
900 1057 1072 1117 morem
1101 1032 1194 1151 ejus
1225 1029 1431 1151 regionis,
1465 1061 1546 1151 per
1576 1031 1806 1122 duodecim
1840 1033 1955 1124 viros
1985 1035 2043 1124 ad
2074 1064 2170 1155 pro·

743 1176 1037 1267 nuntiandum
1065 1179 1120 1269 de
1143 1211 1198 1268 eo
1222 1180 1346 1303 (num
1376 1202 1520 1270 morte
1546 1181 1703 1302 dignus
1727 1205 1841 1273 esset
1864 1182 1939 1304 qui
1963 1184 2168 1276 constitu·

744 1325 855 1417 tioni
875 1328 1136 1418 Parlamenti
1153 1328 1403 1450 obstitisset)
1419 1332 1623 1447 delectos,
1644 1330 1763 1423 foedo
1785 1355 1831 1422 et
1851 1332 2039 1424 terribili
2055 1364 2168 1424 mor·

743 1476 798 1568 tis
822 1508 985 1599 genere
1002 1479 1230 1569 damnatus
1255 1503 1334 1596 est,
1353 1480 1480 1570 simul
1496 1504 1629 1602 atque
1648 1482 1753 1603 Regi
1768 1481 1908 1573 visum
1930 1507 2060 1574 esset.
2081 1491 2169 1575 Hoc

742 1628 961 1751 adjectum
1000 1628 1207 1744 creditur,
1242 1629 1274 1719 si
1308 1627 1424 1720 forte
1455 1662 1530 1753 spe
1556 1631 1694 1722 veniae
1722 1656 1867 1754 posset
1899 1665 1926 1724 a
1957 1634 2169 1724 sententia

743 1778 914 1894 deduci,
952 1777 1160 1899 supplicio
1194 1779 1370 1870 territus
1405 1781 1767 1874 Cartusianorum
1798 1783 1874 1906 qui
1903 1785 2037 1906 paulo
2072 1807 2168 1875 ante

742 1927 949 2048 suspensi,
975 1926 1212 2044 eviscerati,
1238 1950 1284 2017 et
1307 1929 1586 2020 membratim
1613 1931 1734 2022 divisi
1759 1932 1897 2024 fuere.
1928 1934 2067 2042 Quod
2096 1965 2167 2026 au·

742 2101 833 2166 tem
859 2077 1035 2166 mitiore
1058 2099 1157 2198 post
1183 2108 1312 2198 poena
1341 2077 1518 2169 affectus
1545 2104 1609 2171 est
1636 2081 1844 2173 Roffensis
1870 2115 2003 2205 quam
2033 2083 2168 2175 mina·

741 2228 872 2319 batur
910 2227 1103 2350 judicum
1145 2227 1379 2343 sententia,
1421 2227 1468 2316 in
1509 2259 1635 2319 causa
1668 2228 1798 2321 fuisse
1836 2254 2019 2353 putatur
2053 2233 2170 2354 quod

742 2378 981 2471 metuerint
1014 2410 1070 2468 ne
1101 2409 1234 2468 senex
1259 2401 1305 2467 et
1332 2379 1545 2469 exhausto
1574 2383 1851 2502 corpusculo,
1882 2382 1916 2472 si
1947 2383 2169 2504 perviam

740 2554 831 2622 tam
860 2531 1039 2650 longam
1069 2530 1205 2619 rheda
1233 2529 1411 2619 trahave
1444 2551 1605 2620 tractus
1636 2527 1786 2622 fuisset
1817 2556 1868 2622 ut
1898 2532 1986 2646 alii,
2015 2556 2168 2655 sponte

741 2681 994 2803 exspiraret.

803 2830 943 2951 Igitur
971 2849 1123 2918 noster
1158 2826 1380 2943 Roffemis,
1416 2852 1712 2950 acceptatam
1748 2832 1979 2922 horrendae
2016 2832 2169 2923 mortis

740 2978 969 3094 sententia,
990 3008 1128 3098 quum
1153 2975 1405 3066 satellitibus
1431 2977 1610 3099 stipatus
1630 2980 1915 3070 reduceretur
1937 2980 1984 3070 in
2006 3011 2166 3096 arcem,

740 3152 789 3220 ut
811 3129 866 3218 ad
890 3127 1050 3218 ostium
1080 3147 1262 3216 ventum
1294 3147 1373 3239 est,
1401 3156 1547 3216 versus
1580 3130 1635 3217 ad
1661 3129 1864 3220 satellites
1889 3129 2016 3220 hilari
2038 3130 2169 3252 placi-

738 3282 884 3403 doque
915 3279 1040 3369 vultu
1072 3310 1081 3366 :
1110 3313 1133 3361 a
1163 3275 1413 3391 Plurimam‚
1446 3275 1605 3397 inquit,
1626 3280 1731 3371 boni
1755 3278 1851 3395 viri,
1879 3279 2003 3371 vobis
2027 3280 2171 3372 habeo

738 3430 935 3552 gratiam,
961 3460 1043 3549 pro
1069 3426 1212 3517 officio
1245 3458 1333 3547 quo
1359 3458 1430 3515 me
1454 3451 1634 3517 euntem
1664 3450 1710 3517 et
1741 3429 2002 3518 redeuntem
2030 3430 2171 3520 dedu-

738 3580 870 3671 xistis.
902 3616 926 3663 »
956 3577 1143 3668 Dixisses
1173 3575 1400 3666 hominem
1426 3609 1482 3667 ex
1505 3577 1630 3668 hilari
1657 3579 1864 3700 suavique
1894 3579 2037 3669 redire
2060 3610 2171 3670 con·

737 3730 868 3846 vitio,
898 3729 1007 3818 adeo
1037 3751 1082 3817 et
1109 3728 1231 3816 color
1262 3748 1358 3815 erat
1384 3726 1632 3849 jucundior,
1662 3749 1708 3818 et
1733 3726 1824 3848 ipse
1848 3749 1945 3817 toto
1973 3727 2172 3849 corporis

736 3901 877 4002 gestu,
901 3900 1114 4000 quatenus
1144 3905 1224 3997 per
1253 3876 1511 3996 gravitatem
1544 3875 1679 3992 licuit,
1704 3876 1898 3967 laetitiam
1930 3877 2169 3997 quamdam

737 4060 825 4152 prae
847 4060 892 4119 se
914 4026 1097 4140 ferebat,
1117 4047 1168 4115 ut
1188 4025 1356 4114 nemini
1383 4056 1474 4113 non
1501 4047 1612 4116 esset
1636 4027 1928 4147 perspicuum,
1953 4025 2171 4118 sanctissi-

737 4212 858 4272 mum
897 4178 1054 4294 virum,
1087 4207 1167 4266 ceu
1205 4181 1294 4301 jam
1332 4175 1480 4296 portui
1514 4175 1727 4289 vicinum,
1761 4198 1859 4266 toto
1900 4199 2080 4298 pectore
2115 4177 2174 4266 ad

734 4334 851 4423 illam
884 4331 1057 4421 beatam
1088 4325 1448 4448 tranquillitatem
1483 4324 1686 4446 aspirare.
1717 4330 1808 4415 Nec
1840 4324 1915 4415 diu
1943 4324 2075 4414 dilata
2104 4351 2174 4417 est

735 4512 865 4573 mors.
884 4481 953 4571 Ad
977 4478 1195 4570 decimum
1227 4477 1440 4568 Calendas
1465 4475 1566 4565 lulii
1589 4477 1827 4596 productus
1859 4474 1907 4565 iu
1938 4473 2173 4596 planitiem

475 4665 571 4719 rm»
596 4664 665 4716 Hilt.
732 4663 866 4756 quam
891 4630 1023 4751 Angli
1045 4632 1179 4750 vulgo
1204 4626 1354 4717 dicunt
1376 4626 1523 4717 Turris
1548 4627 1734 4743 Collem‚
1760 4625 1883 4717 vultu
1906 4655 1998 4714 non
2023 4626 2172 4718 solum

733 4780 949 4873 constanti
965 4809 1118 4870 verum
1140 4777 1273 4868 etiam
1298 4776 1441 4893 alacri,
1462 4776 1606 4897 paucis
1630 4777 1840 4867 allocutus
1856 4797 1922 4865 est
1937 4776 2171 4897 populum.
