4776 6390
693 868 828 993 jussit.
869 871 937 959 Ad
967 902 1092 992 quos,
1124 901 1224 960 cum
1259 900 1338 991 per
1370 900 1504 959 unam
1543 869 1831 989 septimanam
1863 868 1924 959 ibi
1956 868 2128 959 detenti

694 1017 889 1136 fuissent,
906 1020 996 1142 ipse
1014 1051 1114 1110 cum
1138 1020 1284 1109 multis
1300 1019 1390 1110 aliis
1411 1050 1466 1109 ex
1492 1017 1759 1109 Consiliariis
1787 1017 1912 1140 Regis
1928 1018 2124 1134 devenit,

695 1167 994 1288 propositurus
1017 1169 1077 1257 eis
1092 1169 1315 1258 decretum
1335 1166 1595 1259 Parlamenti
1612 1168 1731 1289 quod
1752 1164 1834 1257 fuit
1855 1201 1864 1257 :
1893 1173 1955 1258 Ut
1972 1190 2125 1258 aucto-

695 1317 813 1408 ritati
835 1317 1001 1408 domini
1030 1323 1153 1437 Papae
1168 1316 1544 1432 abrenuntiarent,
1563 1315 1793 1439 ipsumque
1817 1315 1936 1431 false,
1955 1317 2125 1408 violen-

695 1490 764 1557 ter
788 1499 836 1558 ac
866 1490 1039 1558 extorte
1064 1498 1288 1588 usurpasse
1312 1498 1433 1556 suam
1459 1464 1708 1587 primariam
1726 1487 1990 1586 potestatem
2015 1464 2125 1556 fate-

695 1639 868 1732 rentur;
897 1638 942 1705 et
957 1646 1109 1705 omnes
1132 1616 1233 1706 alias
1254 1638 1456 1706 externas
1473 1637 1723 1736 potestates,
1743 1614 2065 1738 jurisdictiones
2081 1639 2125 1705 et

694 1765 962 1857 obedientias
985 1766 1269 1888 abnegarent,
1296 1763 1552 1886 cuicumque
1575 1762 1707 1854 etiam
1725 1794 1921 1885 personae
1950 1766 2020 1855 vel
2052 1792 2124 1852 or-

434 1931 572 1982 Recurnt
594 1931 666 1982 *¹⁶¹¹-
695 1916 784 2006 dini
806 1914 962 2005 debitae
983 1937 1126 2005 essent
1151 1940 1227 2006 aut
1249 1912 1486 2036 promissae3
1515 1913 1593 2004 soli
1624 1913 1729 2035 Regi
1750 1913 1923 2035 suisque
1949 1913 2124 2005 obtem·

403 1991 491 2043 ricum
507 1993 569 2044 VIII
584 2007 666 2057 agno·

402 2067 479 2105 scere
507 2070 557 2120 pro
576 2056 665 2129 capite

402 2115 531 2168 5001&ae
545 2117 665 2182 augum.
693 2087 910 2188 perarent,
936 2087 981 2154 et
1006 2063 1147 2185 ipsum
1172 2071 1334 2186 Regem
1357 2094 1609 2184 supremum
1639 2087 1769 2185 caput
1797 2063 2005 2178 Ecclesiae,
2034 2086 2124 2154 tarn

403 2193 455 2228 Μ’
693 2215 739 2305 in
756 2213 1044 2336 spiritualibus
1068 2244 1200 2335 quam
1219 2214 1546 2335 temporalibus,
1568 2236 1855 2336 acceptarent,
1874 2215 2120 2329 crederent,

693 2387 738 2454 et
754 2366 1034 2455 affirmarent.
1062 2369 1265 2485 Cumque
1286 2362 1607 2484 respondissent
1626 2369 1772 2454 Patres
1794 2364 1932 2453 nostri
1953 2396 1998 2453 se
2017 2395 2124 2454 con·

693 2545 891 2605 sensuros
914 2513 1116 2603 omnibus
1133 2545 1229 2635 quae
1254 2535 1300 2602 et
1315 2512 1362 2603 in
1379 2537 1593 2635 quantum
1610 2515 1680 2602 lex
1697 2495 2120 2636 divinalpermiscrit,

693 2662 917 2787 'subjunxit
942 2663 1013 2753 ille
1043 2695 1051 2753 :
1083 2664 1306 2753 «Nullam
1336 2664 1641 2784 exceptionem
1669 2663 1911 2778 admittam,
1938 2662 2028 2754 sive
2057 2666 2126 2754 lex

694 2813 838 2903 divina
859 2810 1104 2935 permiserit
1129 2813 1215 2902 sive
1247 2827 1387 2929 non¹;
1414 2815 1497 2904 hoc
1530 2815 1716 2935 integre,
1746 2815 1955 2935 plenarie,
1983 2815 2122 2904 since-

693 2962 800 3052 riter
816 2961 862 3051 in
879 2962 1024 3077 corde,
1044 2983 1203 3051 etcum
1219 2967 1468 3085 juramento
1485 2964 1660 3086 publico
1677 2963 1723 3053 in
1741 2994 1818 3053 ore
1835 2963 2121 3079 affirmabitis,

693 3135 739 3202 et
762 3111 947 3202 firmiter
970 3110 1235 3203 tenebitis.»
1262 3113 1591 3234 Replicaverunt
1613 3113 1751 3203 nostri
1777 3112 2012 3204 beatissimi
2044 3119 2124 3203 Pa·-

663 3252 796 3378 tres,
829 3261 1052 3352 Ecclesiam
1085 3262 1356 3353 Catholicam
1381 3263 1507 3353 aliter
1533 3294 1704 3384 semper
1738 3262 1927 3353 tenuisse
1958 3294 2009 3353 ac
2041 3264 2122 3353 do-

695 3411 841 3502 cuisse.
887 3411 1120 3534 Respondit
1164 3411 1235 3501 ille
1282 3447 1290 3502 :
1340 3450 1364 3498 (ι
1398 3418 1500 3504 Non
1545 3444 1651 3504 curo
1697 3412 1943 3529 Ecclesiam3
1993 3413 2128 3505 vultis

695 3562 938 3653 consentire
965 3592 1021 3651 an
1047 3592 1138 3650 non
1158 3562 1218 3650 Ρ»
1246 3563 1463 3652 Dixerunt
1486 3562 1562 3679 illi,
1589 3595 1680 3653 sese
1706 3586 1888 3684 propter
1913 3563 2125 3653 timorem

697 3713 776 3802 Dei
798 3742 889 3801 non
912 3742 1035 3801 ausos
1058 3742 1148 3801 esse
1170 3711 1387 3802 contraire
1414 3743 1463 3802 ac
1490 3714 1688 3803 deserere
1706 3712 1931 3804 Ecclesiam
1954 3715 2119 3805 Catho-

695 3862 834 3977 licam,
859 3891 940 3983 pro
965 3892 1019 3949 eo
1041 3863 1160 3983 quod
1181 3861 1303 3951 divus
1326 3863 1595 3982 Augustinus
1620 3863 1723 3953 dicit
1746 3895 1790 3953 se
1815 3863 2004 3954 noluisse
2028 3894 2117 3954 cre·

694 4012 797 4102 dere
824 4010 1051 4132 Evangelio
1076 4010 1254 4127 Christi,
1274 4010 1354 4101 nisi
1386 4012 1488 4133 quia
1516 4034 1661 4103 sancta
1689 4014 1955 4104 Ortbodoxa
1980 4015 2115 4104 Eccle-

694 4158 754 4249 sia
783 4160 842 4251 ita
873 4192 974 4251 eum
1003 4160 1207 4250 instruxit
1242 4192 1289 4250 ac
1323 4161 1485 4252 docuit.
1524 4169 1646 4253 Tunc
1680 4162 1782 4287 jussi
1823 4188 1925 4253 sunt
1959 4162 2117 4254 iterum

694 4311 856 4399 recludi
878 4310 925 4400 in
943 4340 1128 4401 carcere.

758 4459 838 4550 Die
864 4481 1012 4548 autem
1041 4460 1096 4550 ad
1124 4462 1208 4551 boc
1232 4460 1447 4550 destinato
1472 4461 1672 4583 producti
1701 4483 1803 4552 sunt
1827 4463 1881 4552 ad
1909 4463 2119 4580 tribunal,

694 4610 769 4700 ubi
792 4641 891 4699 cum
915 4640 1043 4731 super
1065 4611 1149 4701 hoc
1170 4611 1351 4733 negotio
1375 4611 1523 4701 denuo
1554 4609 1733 4703 fuissent
1763 4610 1975 4733 requisiti,
1996 4613 2123 4735 peni*

694 4779 764 4847 tus
793 4759 1150 4850 contradixerunt
1180 4762 1370 4852 dicentes
1400 4794 1444 4852 se
1469 4764 1591 4853 nullo
1623 4785 1751 4882 pacto
1787 4761 1886 4883 Legi
1914 4762 2015 4879 Dei,
2045 4765 2127 4855 do-
