4776 6390
508 895 653 972 Exempla·
664 896 736 950 divi·

473 972 514 1010 nte
554 959 670 1011 ultionis
708 960 737 1010 ln

472 1021 625 1134 pggntchos
665 1022 736 1087 tepl-

1368 659 1582 741 ..82-

762 868 1047 959 denotatione
1069 890 1114 959 et
1133 867 1427 958 diffamatione
1449 875 1642 961 Fratrum
1658 892 1705 961 et
1720 873 1806 962 hoc
1819 872 1935 994 apud
1951 873 2191 988 seculares,

764 1018 841 1138 qui
874 1041 1024 1109 tamen
1059 1049 1286 1139 nunquam
1318 1019 1494 1110 abstulit
1528 1021 1692 1111 malum
1728 1053 1754 1113 a
1788 1020 1943 1143 seipso.
1980 1021 2063 1113 Hic
2096 1045 2195 1144 post

763 1169 935 1259 crebras
957 1168 1201 1290 apostasias,
1221 1170 1412 1289 quodam
1434 1193 1635 1291 tempore
1652 1202 1752 1261 cum
1768 1171 2003 1262 incarcere
2028 1173 2196 1263 clausus

762 1315 912 1408 fuisset
946 1318 1026 1409 sub
1060 1317 1253 1408 custodia
1288 1318 1420 1408 etiam
1458 1319 1587 1409 unius
1629 1325 1825 1411 Fratrum
1864 1327 2194 1413 Conversorum

761 1498 820 1558 ne
842 1468 1024 1590 amplius
1047 1465 1197 1588 fugam
1222 1467 1399 1584 faceret,
1423 1469 1532 1559 adeo
1556 1470 1812 1561 terribiliter
1837 1471 2057 1562 daemones
2084 1503 2192 1593 qua·

762 1618 862 1708 dam
889 1641 1020 1708 nocte
1051 1649 1151 1707 eum
1189 1617 1377 1739 aggressi
1406 1641 1507 1708 sunt
1536 1641 1697 1710 ettam
1729 1620 1822 1710 dire
1850 1644 1895 1713 et
1922 1620 2193 1712 horribiliter

762 1790 1072 1879 tractaverunt,
1093 1768 1214 1888 quod
1229 1767 1309 1857 nisi
1325 1791 1467 1858 custos
1483 1800 1597 1884 suus,
1612 1769 1758 1890 —qui
1770 1768 1818 1860 id
1831 1769 1878 1860 in
1899 1770 2055 1892 spiritu
2071 1770 2190 1862 vide·

761 1919 852 2034 bat,
866 1948 1137 2040 corporeque
1153 1916 1291 2008 nimio
1307 1941 1476 2010 terrore
1492 1949 1721 2010 concussus
1736 1919 1956 2010 daemones
1973 1919 2193 2011 sentiebat

762 2069 817 2159 ad
851 2090 1091 2190 apostatam
1128 2068 1403 2158 introeuntes
1430 2099 1622 2189 eumque
1652 2090 1877 2185 vexantes,
1911 2069 1986 2190 qui
2012 2069 2193 2191 insuper

762 2218 966 2308 audiebat
990 2220 1199 2309 clamores
1223 2218 1382 2334 afflicti,
1407 2269 1469 2284 --
1487 2218 1568 2308 nisi
1592 2218 1805 2342 (inquam)
1832 2219 1912 2309 iste
1946 2240 2090 2310 custos
2113 2249 2193 2340 per

761 2399 857 2459 suas
877 2369 1053 2458 devotas
1075 2367 1403 2458 acclamationes
1434 2388 1481 2456 et
1509 2390 1673 2456 sanctas
1694 2397 1860 2489 preces,
1883 2367 1971 2458 cito
2003 2369 2060 2457 ad
2088 2398 2192 2458 eum

762 2517 1015 2638 evigilasset,
1036 2517 1176 2639 ipsum
1199 2516 1372 2638 penitus
1393 2517 1730 2637 strangulassent
1753 2539 1800 2607 et
1821 2541 2062 2633 necassent,
2081 2517 2194 2608 sicut

760 2668 944 2790 ipsemet
973 2688 1167 2789 apostata
1201 2690 1351 2788 postea
1385 2666 1556 2781 retulit3
1590 2667 1665 2787 qui
1695 2689 1845 2758 tamen
1873 2690 1973 2789 post
2006 2667 2191 2758 multam

762 2847 932 2906 moram
948 2815 1217 2906 daemonibus
1233 2814 1365 2905 etiam
1388 2815 1601 2936 effugatis,
1625 2816 1690 2907 vix
1714 2818 1835 2907 adse
1858 2817 2001 2907 redire
2027 2817 2188 2939 potuit

761 2965 882 3056 Alius
914 2995 1090 3086 quoque
1124 2970 1268 3056 Frater
1299 2963 1395 3076 fuit,
1426 2966 1643 3086 Georgius
1675 2966 1877 3083 nomine;
1918 2966 2020 3057 huic
2055 2968 2190 3058 vehe-

762 3138 935 3205 menter
960 3113 1165 3235 aspiranti
1195 3115 1250 3205 ad
1280 3115 1384 3204 ollas
1405 3115 1601 3205 carnium
1625 3115 1673 3205 in
1695 3121 1893 3238 AEgypto,
1919 3116 2069 3206 omnia
2092 3148 2191 3238 quae

762 3265 941 3357 Ordinis
968 3287 1014 3353 et
1037 3285 1192 3355 sanctae
1218 3262 1450 3384 Religionis
1478 3288 1619 3379 erant,
1643 3295 1830 3355 onerosa
1858 3264 2121 3357 videbantur
2146 3290 2191 3357 et

760 3415 920 3536 gravia.
965 3413 1045 3505 Hic
1083 3414 1274 3534 quodam
1306 3436 1505 3536 tempore
1537 3420 1826 3535 Vesperarum
1862 3415 2108 3506 attaediatus
2144 3416 2187 3508 in

760 3564 908 3654 divino
935 3563 1126 3678 servitio,
1146 3563 1281 3654 exivit
1301 3564 1521 3654 ecclesiam
1541 3564 1779 3654 secundum
1804 3565 2183 3682 consuetudinem,

760 3714 1085 3806 deambulatum
1115 3710 1161 3801 in
1195 3712 1415 3834 Capitulo.
1453 3713 1589 3823 Quod
1628 3744 1728 3804 cum
1765 3712 1982 3834 ingressus
2020 3712 2184 3832 fuisset,

758 3864 906 3986 imago
932 3866 1156 3983 Crucifixi,
1177 3899 1273 3988 quae
1289 3864 1508 3987 pendebat
1528 3863 1574 3951 in
1590 3886 1822 3984 prospectu
1843 3862 2184 3982 introeuntibus,

759 4012 987 4104 videbatur
1018 4013 1098 4105 sibi
1127 4036 1298 4105 vertere
1330 4014 1507 4103 dorsurn
1533 4012 1580 4101 in
1604 4043 1746 4129 cruce,
1775 4034 1975 4104 avertens
2000 4044 2044 4104 se
2070 4035 2185 4106 tota·

759 4161 860 4253 liter
881 4164 936 4255 ab
958 4196 1027 4254 eo.
1056 4170 1162 4273 Quo
1183 4165 1289 4279 viso,
1310 4163 1381 4252 ille
1399 4162 1557 4252 eodem
1582 4162 1761 4253 instanti
1786 4193 1936 4253 amens
1961 4160 2102 4255 factus
2123 4188 2189 4256 est

759 4334 805 4403 et
826 4312 980 4403 cecidit
1002 4312 1049 4402 in
1071 4313 1434 4435 desperationem,
1458 4336 1503 4402 et
1526 4312 1573 4403 in
1594 4311 1670 4402 illo
1693 4311 1926 4403 miserabili
1950 4333 2066 4404 statu
2083 4345 2186 4436 per·

759 4461 916 4551 mansit
962 4493 1041 4584 per
1078 4462 1306 4553 dimidium
1348 4493 1528 4552 annum.
1574 4467 1728 4554 Postea
1770 4492 1876 4554 vero
1924 4492 2004 4585 per
2039 4492 2192 4585 preces

762 4615 957 4701 Fratrum
979 4612 1170 4734 pristinae
1193 4612 1385 4702 redditus
1411 4609 1493 4702 luit
1515 4611 1702 4728 sanitati,
1732 4643 1866 4733 quam
1888 4613 2009 4703 nulla
2036 4635 2185 4705 tamen

758 4762 1008 4851 emendatio
1030 4762 1368 4853 conversationis
1389 4760 1703 4879 comitabatur3
1736 4793 1840 4853 nam
1860 4762 1908 4853 in
1930 4784 2103 4855 tantam
2124 4763 2184 4855 ir·
