4740 6414
1343 653 1559 737 ..58-

727 893 808 987 per
833 864 1142 987 septimanam,
1170 867 1261 959 sive
1295 865 1455 958 festum
1487 868 1679 991 Capituli
1717 869 1922 960 veniebat
1954 869 2046 961 sive
2074 901 2172 962 non

727 1016 935 1139 (exceptis
956 1017 1095 1108 tribus
1115 1017 1422 1139 principalibus
1436 1018 1689 1141 septimanis
1698 1013 1744 1138 ¹),
1763 1044 1811 1110 et
1831 1022 1917 1111 hoc
1931 1021 1980 1110 in
1996 1021 2172 1111 modica

731 1167 1243 1287 quantitate,fdimidiam
1274 1168 1434 1258 scilicet
1461 1169 1629 1291 pintam
1656 1170 1762 1284 vini,
1789 1192 1836 1260 et
1864 1200 1958 1261 non
1982 1171 2172 1292 amplius

729 1319 821 1406 ullo
842 1339 1057 1437 tempore.
1095 1317 1338 1407 Necessitas
1369 1320 1460 1407 sola
1492 1320 1679 1409 extremi
1710 1317 1884 1441 [rigoris
1914 1320 2171 1441 impellebat

730 1469 896 1587 aliquos
917 1496 1074 1555 eorum
1104 1490 1275 1556 struere
1298 1468 1463 1588 ignem,
1483 1469 1725 1559 recolentes
1746 1493 1911 1590 quanta
1930 1468 2101 1591 fiigora
2123 1491 2171 1559 et

731 1617 948 1707 nuditates
976 1616 1285 1707 sustinuerunt
1314 1617 1457 1707 Sancti
1489 1619 1566 1708 Dei
1589 1618 1666 1738 qui
1698 1618 1965 1708 circuierunt
1988 1620 2037 1708 in
2071 1650 2169 1709 me-

731 1766 830 1856 lotis
859 1790 906 1854 et
928 1767 1111 1886 pellibus
1135 1767 1334 1888 caprinis.
1361 1768 1512 1882 Etiam,
1538 1769 1571 1856 si
1600 1774 1729 1857 Pater
1755 1769 1882 1858 Prior
1895 1770 2085 1858 dedisset
2108 1769 2172 1859 eis

733 1913 971 2029 licentiam,
990 1946 1066 2004 sua
1090 1915 1208 2035 ligna
1231 1917 1474 2036 erogabant
1496 1915 1543 2004 in
1564 1917 1863 2038 eleemosynas
1886 1947 2167 2039 pauperum:

732 2064 842 2154 nihil
865 2064 927 2155 ibi
948 2064 1082 2154 fiebat
1104 2065 1196 2154 sine
1222 2065 1410 2181 licentia,
1438 2096 1520 2154 nec
1543 2067 1647 2155 dare
1675 2097 1758 2155 nec
1784 2066 1978 2187 recipere
2002 2067 2170 2188 aliquid

732 2238 1139 2336 quantumcumque
1164 2245 1346 2335 parvum
1377 2216 1474 2336 quis
1504 2217 1717 2329 audebat;
1748 2247 1831 2305 nec
1853 2216 1988 2306 etiam
2014 2216 2170 2307 bibere

733 2387 809 2455 aut
825 2362 993 2454 fructus
1016 2365 1247 2453 comedere
1267 2388 1367 2480 post
1384 2362 1658 2479 refectiones,
1678 2388 1877 2454 extrema
1891 2396 1984 2455 non
2001 2395 2169 2486 urgen-

733 2538 779 2605 te
802 2513 1074 2603 necessitate.

444 2691 707 2818 mguctgffipr
799 2669 848 2753 ln
871 2663 1097 2784 colloquiis
1120 2662 1350 2785 privatisve
1372 2663 1959 2774 conventionibusssotiosum
1981 2664 2169 2755 verbum

733 2843 834 2903 raro
864 2812 961 2933 quis
992 2812 1214 2924 audiebat,
1248 2836 1325 2902 aut
1356 2815 1411 2902 de
1442 2813 1674 2902 mundanis
1701 2815 1846 2903 rebus.
1880 2813 1923 2902 si
1954 2814 2053 2934 quis
2082 2816 2169 2904 tale

733 2965 840 3086 quid
880 2963 1197 3053 inconsiderate
1236 2963 1499 3084 protulisset,
1538 2961 1769 3053 confestim
1808 2964 2076 3053 monebatur
2112 2965 2169 3053 ab

734 3114 954 3226 audiente,
979 3142 1062 3234 per
1088 3112 1209 3232 quod
1224 3112 1394 3203 animus
1416 3113 1709 3233 delinquentis
1730 3112 2049 3232 corrigebatur.
2079 3117 2167 3202 Sae·

733 3266 898 3355 culares
919 3263 1183 3352 reoedebant
1205 3262 1261 3350 ab
1285 3291 1440 3351 eorum
1462 3263 1592 3376 cellis,
1611 3261 1877 3351 creberrime
1901 3291 2002 3351 cum
2026 3263 2168 3384 lacry-

478 3439 546 3492 oen·
559 3453 652 3502 unu,
665 3439 704 3490 ιο.
736 3413 815 3503 mis
832 3413 1056 3502 dicentes:
1084 3416 1198 3499 Vere
1223 3416 1340 3500 Deus
1362 3411 1493 3500 estin
1518 3415 1616 3500 loco
1643 3411 1740 3500 iste.
1771 3411 1981 3501 Solebant
2006 3441 2168 3532 nempe

738 3568 918 3677 Fratres,
939 3561 985 3650 in
1008 3562 1153 3682 primo
1175 3562 1367 3650 adventu
1391 3563 1447 3650 ad
1467 3592 1543 3650 eos
1566 3562 1683 3649 etad
1702 3561 2009 3650 salutationem
2033 3591 2166 3651 saecu·

735 3713 908 3824 larium,
937 3741 1095 3831 rogare
1119 3742 1195 3800 eos
1218 3736 1269 3800 ut
1294 3713 1437 3800 nullos
1466 3740 1666 3800 rumores
1689 3710 1887 3831 nihilque
1911 3712 1967 3799 de
1998 3713 2168 3800 mundo

735 3862 993 3952 intimarent
1016 3860 1096 3974 eis,
1116 3862 1190 3949 sed
1214 3860 1248 3948 si
1272 3861 1367 3981 quis
1389 3889 1534 3948 sermo
1550 3859 1693 3947 bonus
1712 3881 1825 3949 esset
1840 3860 1896 3949 ad
1916 3859 2168 3950 aedificatio·

736 4044 856 4125 nem,
892 4013 1014 4102 illum
1040 4010 1314 4100 trutinabant
1345 4033 1510 4124 mente,
1542 4011 1599 4098 ad
1622 4008 1932 4124 imitationem,
1962 4010 2165 4122 utillud,

736 4166 857 4254 nulla
878 4193 1074 4283 unquam
1100 4159 1322 4250 oblivione
1345 4160 1581 4248 delendum
1610 4189 1636 4248 a
1655 4158 1854 4278 posteris,
1879 4160 2168 4279 praedecesso

736 4313 794 4404 ris
815 4312 1064 4406 sanctissimi
1084 4311 1220 4402 Patris
1241 4309 1379 4399 nostri
1403 4310 1605 4429 Hugonis
1628 4307 1817 4431 episcopi
1842 4306 2170 4398 lincolniensis²

445 4501 491 4628 μ·
503 4501 711 4615 mm
736 4466 989 4587 exemplum
1015 4484 1298 4574 sectarentur,
1317 4459 1394 4580 qui
1408 4459 1630 4549 divertens
1641 4460 1687 4548 in
1704 4459 1938 4580 qnamdam
1958 4463 2172 4549 Domum*

502 4622 550 4674 ¹³³·
736 4614 874 4706 nostri
898 4613 1095 4728 Ordinis,
1116 4641 1390 4732 regressurus
1415 4609 1463 4698 in
1484 4609 1688 4730 Angliam
1710 4631 1811 4729 post
1832 4606 2179 4698 aedificationem

738 4765 1050 4858 venerabilium
1076 4752 1258 4853 Panum
1283 4766 1450 4850 Domus
1474 4759 1651 4882 Majoris
1670 4757 1882 4850 Cartusiae
1902 4758 1970 4878 (ut
1985 4780 2113 4879 patet
2126 4756 2184 4847 in
