4776 6390
1064 667 1306 771 ..134-

477 892 579 951 sunt.
607 877 858 974 Quapropter
876 876 1086 974 postremis
1106 876 1210 950 hisce
1230 876 1342 950 annis
1366 900 1477 951 novae
1503 899 1635 974 preces
1662 899 1732 974 per
1757 876 1908 949 Emum

476 1025 521 1077 ac
555 1002 729 1075 Rvmum
759 1003 892 1075 Dnum
921 1000 1171 1076 Cardinalem
1198 1000 1412 1076 Henricum
1438 1000 1640 1097 Manning,
1666 998 1908 1075 hodiernum

476 1123 829 1221 Archiepiscopum
857 1124 1328 1217 westmonasteriensem,
1359 1140 1395 1198 et
1436 1123 1535 1198 alios
1563 1122 1712 1221 Angliae
1743 1122 1907 1220 Episco-

477 1271 551 1345 pos
579 1247 629 1322 ad
667 1246 967 1322 Sanctissimum
997 1247 1214 1322 Dominum
1244 1248 1434 1321 Nostrum
1471 1249 1644 1320 Leonem
1679 1248 1771 1320 XIII
1803 1248 1906 1321 Pon·

476 1371 620 1446 tificem
650 1370 872 1444 Maximum
897 1370 1033 1445 delatae
1059 1387 1161 1463 sunt,
1196 1395 1275 1446 una
1311 1395 1402 1446 cum
1426 1369 1628 1445 ordinario
1652 1394 1840 1468 processu
1866 1369 1908 1443 in

478 1493 615 1591 Anglia
642 1494 831 1585 confect0,
848 1493 1012 1592 aliisque
1036 1494 1267 1568 authenticis
1291 1493 1551 1586 documentis,
1582 1493 1622 1566 in
1646 1493 1791 1591 quibus
1818 1509 1907 1567 tum

478 1617 729 1717 probationes
744 1616 924 1715 Martyrii
939 1641 1013 1714 pro
1035 1616 1082 1690 iis
1097 1617 1163 1714 qui
1187 1618 1236 1691 ab
1258 1641 1361 1691 anno
1386 1619 1474 1701 1535
1492 1633 1528 1691 et
1556 1618 1645 1691 1583
1669 1615 1774 1713 passi
1799 1632 1906 1706 sunt,

477 1759 561 1817 tum
576 1741 692 1815 etiam
708 1740 892 1838 praedicta
909 1739 1059 1814 indulta
1075 1742 1350 1814 Romanorum
1362 1740 1599 1815 Pontificum
1614 1763 1687 1837 pro
1703 1738 1908 1836 prioribus

479 1866 555 1940 illis
571 1888 695 1962 nuper
722 1863 948 1938 memoratis
972 1863 1229 1949 continentur.

527 1988 677 2090 Placuit
702 1987 956 2062 Sanctissimo
976 1987 1150 2062 Domino
1173 1989 1319 2062 Nostro
1343 1987 1461 2062 totius
1480 1987 1620 2085 negotii
1643 1985 1907 2084 cognitionem

479 2111 668 2188 Peculiari
682 2111 811 2185 Coetui
832 2110 981 2208 aliquot
996 2112 1035 2185 S.
1049 2113 1096 2185 R.
1112 2112 1157 2185 E.
1177 2110 1462 2204 Cardinalium,
1479 2127 1515 2185 et
1525 2110 1755 2185 officialium
1769 2111 1905 2185 Sacro-

478 2261 566 2311 rum
583 2235 745 2310 Rituum
766 2233 1083 2332 Congregationis
1101 2232 1520 2331 committere3praevia
1538 2233 1685 2331 exegesi
1706 2257 1775 2331 per
1795 2235 1843 2307 R.
1858 2235 1904 2307 P.

479 2362 527 2434 D.
541 2357 804 2455 Augustinum
816 2358 990 2454 Caprara
1007 2359 1046 2431 S.
1066 2357 1174 2431 Fidei
1193 2359 1467 2431 Promotorem
1483 2356 1738 2432 conficienda.
1757 2356 1850 2448 Qua
1866 2355 1907 2429 in
1936 2425 1937 2430 ,

478 2480 706 2556 Particulari
732 2479 1037 2578 Congregatione
1061 2480 1124 2555 die
1147 2505 1173 2575 4
1192 2479 1419 2554 Decembris
1442 2479 1606 2554 labentis
1629 2479 1720 2553 anni
1750 2479 1801 2554 ad
1827 2481 1907 2553 Va-

477 2606 650 2681 ticanum
665 2604 898 2697 coadunata,
923 2603 1191 2701 infrascriptus
1212 2603 1433 2678 Cardinalis
1456 2603 1689 2678 Dominicus
1713 2602 1905 2678 Bartolini

477 2729 604 2804 eidem
630 2730 757 2802 Sacrae
774 2727 1069 2826 congregationi
1087 2728 1309 2820 Praefectus,
1327 2744 1363 2802 et
1384 2729 1523 2802 Causae
1548 2728 1720 2819 Relator,
1738 2750 1906 2825 sequens

478 2851 685 2951 proposuit
709 2851 911 2925 Dubium:
943 2853 1055 2936 «An,
1075 2862 1230 2948 propter
1240 2852 1454 2950 peculiaria
1481 2853 1746 2925 Romanorum
1774 2851 1906 2925 Ponti·

465 2978 590 3072 ficum
610 2975 766 3060 indulta,
790 2975 908 3048 relate
925 2975 977 3048 ad
992 2975 1221 3071 antiquiores
1244 2975 1403 3074 Angliae
1420 2976 1633 3070 Martyres,
1651 2975 1718 3071 qui
1735 2976 1785 3048 ab
1802 2998 1908 3049 anno

481 3107 588 3174 1535
605 3099 657 3172 ad
680 3103 787 3173 1583
805 3123 878 3196 pro
885 3099 972 3193 fide
989 3099 1186 3182 catholica,
1210 3110 1246 3171 et
1257 3122 1332 3195 pro
1359 3099 1529 3172 Romani
1551 3098 1748 3193 Pontificis
1767 3097 1807 3170 in
1832 3100 1906 3172 Ec·

477 3224 592 3298 clesia
614 3224 790 3297 Primatu
811 3233 970 3296 mortem
998 3224 1180 3307 obierunt,
1203 3232 1238 3295 et
1255 3246 1417 3319 quorum
1437 3223 1651 3306 Passiones,
1681 3223 1910 3296 auctoritate

478 3347 654 3444 Gregorii
670 3349 788 3421 XIII
802 3349 916 3420 Pont.
938 3348 1070 3431 Max„
1086 3346 1124 3420 in
1139 3348 1176 3420 T
1172 3347 1295 3443 emplo
1313 3348 1449 3422 SSmae
1469 3346 1664 3420 Trinitatis
1682 3346 1908 3444 Angtorum

475 3471 523 3545 de
548 3472 652 3545 Urbe
669 3471 760 3545 olim
786 3472 955 3568 depictae,
976 3480 1012 3543 et
1037 3472 1173 3544 Roma
1191 3493 1293 3544 anno
1323 3475 1438 3561 1584,
1468 3493 1555 3543 cum
1580 3469 1782 3567 priuilegio
1810 3468 1908 3567 ejus·

476 3597 559 3670 dem
579 3596 787 3690 Pontificis,
810 3617 889 3668 cere
906 3617 1007 3668 cusae
1024 3605 1122 3677 sunt,
1145 3605 1286 3668 constet
1312 3595 1358 3667 de
1376 3594 1521 3667 indulto
1542 3594 1696 3691 publico
1724 3593 1908 3666 ecclesia-

475 3719 567 3793 stico
602 3719 728 3810 cultu,
765 3719 843 3791 siue
878 3719 925 3791 de
956 3741 1046 3791 casu
1082 3728 1236 3815 excepto
1271 3741 1295 3790 a
1328 3717 1502 3790 Decretis
1537 3739 1593 3789 sa.
1634 3740 1706 3790 me.
1756 3716 1912 3790 Urbani

475 3843 596 3940 Papoe
622 3842 737 3925 VIII,
761 3842 800 3914 in
819 3865 908 3915 casu
934 3852 969 3915 et
987 3842 1039 3914 ad
1054 3839 1228 3938 effectum
1249 3842 1386 3937 dequo
1405 3839 1567 3938 agitur?
1594 3838 1907 3913 Eminentissimi

477 3989 598 4064 porro
613 3990 657 4040 ac
677 3963 816 4039 Revmi
833 3965 966 4038 Patres
989 3980 1024 4038 et
1040 3963 1193 4037 Praelati
1210 3963 1423 4055 Officiales,
1441 3962 1576 4037 audito
1593 3961 1739 4059 scripto
1754 3978 1791 4036 et
1807 3986 1908 4037 voce

478 4091 639 4189 praefato
660 4092 699 4163 S.
718 4088 827 4163 Fidei
844 4090 1090 4179 Promotore,
1116 4111 1233 4185 reque
1249 4103 1399 4161 mature
1423 4086 1601 4161 discussa
1625 4085 1757 4184 quoad
1780 4110 1908 4161 recen·

480 4214 574 4288 sitos
594 4211 874 4311 quinquaginta
898 4228 1067 4310 quatuor
1084 4213 1291 4309 Martyres,
1310 4209 1628 4307 respondendum
1644 4225 1906 4284 censuerunt:

476 4337 808 4436 Affirmatiue,seu
824 4346 997 4410 constare
1015 4337 1061 4409 de
1076 4359 1166 4409 casu
1186 4344 1352 4432 excepto.
1374 4362 1391 4402 n

528 4461 654 4556 Super
668 4458 813 4556 quibus
827 4457 1013 4533 omnibus
1035 4458 1134 4532 facta
1157 4455 1413 4531 Sanctissimo
1429 4455 1603 4530 Domino
1619 4457 1766 4530 Nostro
1782 4454 1909 4529 Leoni

480 4585 596 4680 Papae
611 4584 703 4655 XIII
719 4605 788 4678 per
802 4604 864 4654 me
879 4580 1143 4677 subscriptum
1167 4577 1425 4653 Secretarium
1448 4577 1554 4653 fideli
1579 4577 1777 4669 relatione,
1801 4576 1909 4653 idem

481 4703 757 4779 Sanctissimus
786 4702 982 4778 Dominus
1004 4705 1147 4777 Noster
1175 4701 1403 4775 sententiam
1432 4702 1559 4775 Sacrae
1582 4699 1908 4799 Congregationis

482 4827 733 4904 Particularis
757 4828 977 4925 approbare
1001 4826 1181 4924 dignatus
1205 4841 1273 4900 est.
1302 4824 1411 4921 Dieq
1428 4824 1655 4899 Decembris
1675 4826 1782 4900 1886.
