4740 6414
1085 681 1271 738 ..X—-

473 863 672 967 tissima
700 865 891 966 cohors
917 901 983 967 ex
1006 864 1196 1004 Anins
1216 891 1479 1007 cooptata,
1510 905 1627 1005 quae
1656 868 1722 970 ab
1751 905 1893 972 anno

482 1029 617 1134 1535
651 1030 718 1132 ad
747 1067 942 1134 annum
977 1069 1147 1170 usque
1184 1029 1339 1159 1583,
1375 1033 1446 1134 ob
1483 1032 1732 1138 invictam
1766 1033 1893 1138 fidei

473 1196 858 1300 confessionem
880 1236 937 1301 ac
955 1198 1072 1338 jura
1088 1199 1310 1301 Romani
1331 1197 1599 1302 Pontificis
1618 1200 1888 1304 vindican-

473 1364 569 1486 da,
617 1364 927 1504 sanguinem
969 1365 1158 1467 libenti
1206 1366 1384 1468 animo
1432 1392 1485 1469 et
1526 1366 1683 1468 hilari
1737 1368 1889 1472 vultu

472 1531 729 1671 profudit.

543 1699 751 1802 Horum
792 1726 964 1800 tamen
1001 1723 1226 1838 propter
1261 1698 1625 1800 testimonium
1668 1698 1766 1801 Dei
1810 1699 1891 1802 in·

473 1893 855 2005 teremptorum
884 1865 1178 2003 Martyrum
1208 1900 1362 1968 causa
1391 1890 1510 1967 ante
1546 1894 1728 1969 nostra
1761 1894 1894 1969 tem-

471 2072 606 2173 pora
651 2032 741 2138 vix
779 2059 954 2170 coepta
999 2057 1077 2132 est
1112 2030 1321 2169 agitari3
1362 2029 1496 2132 nihil
1533 2030 1673 2133 enim
1711 2030 1891 2170 profe·

473 2201 605 2303 cisse
643 2200 964 2305 videbantur
1005 2224 1128 2301 vota
1169 2235 1304 2336 quae,
1345 2233 1484 2300 anno
1535 2194 1686 2320 1860,
1724 2197 1894 2302 Reve-

472 2366 772 2468 rendissimi
802 2363 1013 2503 Angliae
1036 2363 1276 2502 Episcopi
1303 2363 1426 2467 Sedi
1454 2363 1777 2504 Apostolicae
1797 2365 1893 2466 ob·

472 2534 710 2636 tulerunt
739 2559 797 2633 ut
816 2531 868 2632 in
899 2531 1112 2632 illorum
1132 2532 1412 2656 honorem,
1436 2533 1529 2669 qui
1555 2560 1661 2634 tam
1681 2530 1894 2636 fortiter

467 2699 825 2818 decertarunt,
865 2695 1058 2799 festum
1094 2696 1477 2800 institueretur.
1514 2696 1678 2802 Novis
1716 2724 1891 2802 autem

471 2863 840 3004 rogationibus
870 2862 1100 3002 benigne
1130 2862 1317 2965 annuit
1347 2862 1395 2966 S.
1427 2864 1492 2965 D.
1525 2863 1591 2967 N.
1620 2864 1722 2967 Leo
1752 2861 1889 2986 XIII,

472 3030 717 3135 Pontifex
745 3028 1023 3154 Maximus,
1046 3056 1098 3131 et
1117 3030 1203 3132 die
1233 3067 1265 3170 9
1296 3030 1609 3152 decembris,
1631 3066 1773 3132 anno
1803 3067 1892 3132 su-

468 3200 700 3338 periore,
726 3195 956 3299 firmavit
982 3195 1266 3298 Decretum
1297 3195 1445 3333 quod
1476 3196 1658 3298 Romae
1686 3195 1895 3336 prodiit

470 3364 707 3506 ejusdem
728 3360 922 3464 mensis
943 3360 1029 3464 die
1062 3397 1149 3504 29,
1172 3361 1394 3464 Thomae
1422 3361 1626 3465 scilicet
1654 3361 1889 3467 Cantua-

470 3530 631 3633 riensi
660 3529 917 3669 episcopo
947 3555 999 3631 et
1027 3528 1245 3666 martyri
1275 3564 1437 3650 sacra,
1465 3529 1611 3667 cujus
1649 3527 1810 3630 fidem
1839 3555 1893 3632 et

468 3695 816 3800 constantiam
841 3693 958 3796 Viri
987 3693 1064 3795 iIli
1091 3694 1317 3833 gloriosi
1346 3694 1576 3798 aemulati
1608 3723 1746 3803 sunt.

540 3861 735 3964 Mirum
756 3896 864 3962 non
884 3884 962 3962 est
982 3859 1084 3962 hoc
1105 3858 1334 3962 Decreto
1352 3859 1621 3963 Pontificis
1637 3899 1889 3999 magnum

468 4028 769 4132 animorum
822 4025 1021 4163 ubique
1072 4025 1313 4129 Ecclesiae
1368 4055 1571 4129 motum
1622 4027 1887 4158 extitisse,

469 4196 722 4336 majorem
749 4192 966 4298 veroin
997 4192 1085 4295 iIIa
1118 4192 1338 4330 regione
1369 4193 1453 4296 cui
1491 4219 1697 4296 tantum
1726 4195 1890 4302 decus

470 4364 776 4466 addebatur.
800 4359 1019 4481 Etenim,
1042 4360 1215 4462 statim
1237 4393 1395 4498 atque
1419 4387 1524 4463 tam
1545 4359 1713 4463 felicis
1733 4398 1893 4466 even-

470 4557 555 4633 tus
584 4529 723 4632 fama
751 4526 1072 4631 Britanniam
1101 4527 1348 4666 pervasit,
1365 4563 1477 4665 prae
1514 4528 1711 4666 gaudio
1737 4528 1887 4631 exul-

472 4722 719 4801 taverunt
764 4731 948 4797 omnes
996 4692 1285 4814 Catholici,
1335 4692 1531 4830 quibus
1576 4695 1886 4834 jamdudum
