1481 1781
550 264 650 278 „n-

243 311 271 337 in
286 311 358 337 votis
374 317 431 337 erat
451 317 481 336 ut
496 319 596 336 corona
612 317 639 336 et
656 310 730 335 cultu
749 310 856 344 publico
874 319 953 344 auge-

243 359 337 378 rentur
360 352 499 378 fortissimi
522 352 628 378 athletae
646 351 693 386 qui
715 351 784 377 mori
805 351 955 377 maluerunt

243 403 323 428 quam
346 393 449 420 foedari.
472 393 525 428 Ipsi
552 402 659 428 quoque
687 393 837 424 acatholicI,
856 402 953 419 novum

243 442 322 470 atque
350 435 547 470 inexpectatum
573 435 696 460 nuntium
725 435 821 465 mirati,
842 440 953 460 attentas

242 486 318 503 aures
336 476 471 502 Pontificis
487 477 596 502 oraculo
610 477 791 511 praebuerunt‚
807 486 836 502 ae
848 485 896 511 per
910 486 953 502 ec-

244 518 338 544 clesias
350 518 449 553 passim
468 518 553 550 effusi,
566 525 623 544 tum
636 518 779 544 catholicas
791 518 954 544 caerimonias

243 567 371 595 spectare,
391 566 448 585 tum
463 566 609 595 martyrum
623 560 715 585 laudes
732 559 824 585 audire
845 559 953 585 studue-

244 607 313 628 runt.

278 686 314 712 Ex
328 686 370 712 his
384 686 462 712 facile
476 686 608 721 intelligas
623 687 703 721 longe
718 696 733 712 a
746 686 823 712 nobis
837 695 893 712 esse
908 686 953 712 illa

244 728 346 758 saecula,
364 728 464 762 quibus
481 735 604 763 potentes
621 737 696 763 reges
716 728 743 753 in
760 728 891 758 subditos,
907 727 953 762 qui

242 769 359 795 fideliter
372 770 558 796 asseverabant
575 770 665 796 Romae
682 779 740 795 esse
758 769 895 804 religionis
910 779 952 795 ca—

242 817 298 846 put,
314 811 449 837 atrocibus
462 812 550 846 poenis
563 812 717 842 saeviebantg
733 811 800 836 adeo
815 818 877 836 sunt
886 818 952 837 tem-

242 862 309 887 pora
332 853 451 878 moribus
472 859 498 878 et
522 853 660 879 sententiis
683 853 799 878 mutata!
821 852 952 883 Quamvis

242 894 313 920 enirn
332 895 483 925 etiamnum,
502 895 541 920 uti
560 895 690 929 conjicere
709 895 775 924 licet,
794 894 840 920 diu
858 904 952 929 exspe-

242 936 337 961 ctanda
353 936 387 962 sit
401 936 457 962 dies
471 945 523 971 qua
538 945 602 971 gens
616 936 727 971 Anglica
741 943 767 962 et
776 936 881 971 Angliae
889 936 952 962 sub-

242 977 372 1012 jectorum
382 977 510 1003 immensa
519 987 605 1013 prope
618 977 762 1003 multitudo
772 987 800 1003 se
808 984 953 1013 recepturae

242 1019 297 1044 sint
315 1019 384 1044 intra
403 1026 479 1054 septa
497 1019 623 1050 Ecclesiae,
641 1026 729 1045 tamen
753 1019 849 1045 fratres
868 1019 952 1045 nostri

243 1060 365 1095 separati,
381 1061 518 1087 erroribus
531 1061 721 1096 veteribusque
738 1061 808 1087 odiis
825 1061 952 1096 paulatim

243 1102 467 1133 evanescentibus,
484 1102 596 1128 Romani
617 1103 751 1129 Pontificis
768 1103 951 1129 auctoritatem

242 1152 272 1169 ac
285 1143 344 1178 jura
359 1143 528 1170 veneratione
540 1153 643 1170 summa
651 1145 732 1170 hodie
742 1151 950 1179 prosequuntur.

244 1184 308 1210 Rem
326 1185 362 1210 ita
377 1193 443 1215 esse,
458 1185 501 1211 vel
520 1194 553 1211 ex
571 1185 603 1211 iis
622 1195 681 1220 quae
697 1195 802 1220 quaque
819 1186 863 1212 die
880 1186 952 1221 apud

244 1226 347 1261 Anglos
361 1226 495 1258 eveniunt,
508 1226 587 1252 facile
600 1227 749 1253 innotescit.

278 1267 443 1294 occurrente
457 1269 528 1294 enim
543 1268 644 1304 duplici
658 1269 781 1300 Jubilaeo,
793 1269 868 1304 Papae
882 1269 952 1295 scili-
