4740 6414
979 673 1165 755 ..8-

357 907 485 976 aetate
508 883 734 1006 propiores
761 905 807 972 et
828 905 1010 1004 propter
1033 883 1236 972 eumdem
1261 882 1478 974 Ordinem
1498 883 1788 1004 eamdemque

357 1034 457 1126 vitae
482 1035 691 1155 Regulam
716 1031 842 1123 nobis
867 1030 990 1122 luere
1015 1031 1351 1155 conjunctiores.

423 1189 561 1274 Porro
585 1205 733 1272 autem
749 1181 886 1297 vobis,
915 1181 1165 1272 Reverende
1190 1185 1331 1296 Pater,
1360 1181 1420 1271 ob
1443 1179 1488 1270 id
1512 1178 1785 1300 potissimum

359 1353 616 1453 praesentem
643 1332 754 1420 hanc
781 1329 1016 1419 Historiam
1040 1329 1419 1419 transmittendam
1446 1351 1681 1449 vestroque
1704 1360 1786 1418 no·

360 1480 466 1571 mini
497 1478 772 1601 peculiariter
801 1480 1138 1600 nuncupandam
1171 1477 1388 1593 duximus,
1417 1500 1468 1567 ut
1500 1479 1786 1599 quemadmo-

358 1632 463 1720 dum
499 1631 706 1720 hactenus
744 1650 789 1717 et
823 1627 923 1718 vitae
964 1627 1164 1717 instituto
1206 1650 1251 1716 et
1290 1627 1489 1748 periculis
1528 1626 1787 1717 sustinendis

358 1780 557 1901 proxime
598 1780 653 1867 ad
689 1776 871 1867 istorum
916 1799 1164 1867 sanctorum
1208 1781 1451 1897 Martyrum
1493 1775 1783 1866 imitationem

358 1928 599 2042 accessistis,
626 1927 687 2016 ita
711 1950 756 2016 et
780 1927 826 2015 in
852 1949 1075 2047 posterum
1101 1925 1295 2045 ipsorum
1320 1928 1524 2047 exemplo
1555 1927 1610 2016 ad
1639 1955 1785 2047 perse-

358 2079 613 2192 verandum,
661 2108 835 2197 quaque
865 2075 1048 2195 coepistis
1083 2075 1152 2165 via
1184 2074 1401 2196 intrepide
1433 2076 1707 2197 pergendum
1742 2096 1787 2164 et

359 2229 413 2319 ad
438 2258 610 2316 cursum
635 2226 834 2315 alacriter
849 2226 1240 2315 consummandum
1258 2224 1531 2340 animemini,
1545 2223 1784 2335 incitemini

358 2400 403 2467 et
427 2375 789 2466 corroboremini.
818 2381 916 2464 Non
944 2373 1083 2464 defuit
1112 2376 1295 2465 antehac
1320 2375 1489 2465 animus
1506 2397 1650 2464 vester
1670 2403 1784 2464 mar·

359 2527 491 2648 tyri0,
521 2528 595 2616 sed
622 2524 765 2646 potius
793 2526 940 2615 animo
968 2547 1109 2615 vestro
1138 2523 1397 2645 martyrium
1421 2522 1574 2638 defuit,
1605 2523 1680 2644 qui
1706 2553 1787 2645 pro

359 2673 523 2765 Christi
547 2672 755 2763 charitate
786 2704 834 2762 ac
866 2696 1025 2762 nostrae
1051 2673 1283 2793 Religionis
1313 2675 1421 2789 zelo,
1449 2672 1787 2764 innumerabiles

358 2824 405 2913 in
430 2825 547 2914 hunc
568 2854 705 2943 usque
729 2821 844 2912 diem
875 2820 1263 2943 peregrinationes,
1288 2823 1473 2936 labores,
1500 2821 1717 2912 molestias
1741 2844 1786 2911 et

359 2973 457 3063 vitae
474 2971 718 3062 discrimina
736 2970 993 3061 sustinuistis
1015 2972 1142 3060 :dum
1155 2971 1345 3091 primum
1366 2970 1681 3061 Hildesemensi
1694 3000 1786 3061 car·
1841 2971 1843 2976 ⁴

359 3122 470 3212 tusia
491 3122 703 3211 excedere
719 3120 833 3244 jussi,
855 3152 902 3210 ac
925 3151 1029 3208 mox
1046 3150 1071 3208 a
1089 3121 1342 3210 Reverendo
1368 3120 1502 3210 totius
1519 3119 1700 3210 Ordinis
1714 3125 1787 3210 Pa·

359 3294 426 3361 tre
437 3269 695 3390 etCapitulo
702 3268 1404 3390 generalicommissionelegitime
1418 3270 1788 3391 accepta,nullum

359 3419 474 3508 diem
504 3417 805 3533 intermisistis,
840 3419 1092 3538 nullamque
1124 3417 1246 3508 vobis
1276 3417 1474 3539 requiem
1506 3418 1786 3536 concessistis,

360 3568 466 3689 quin
481 3567 527 3656 in
545 3567 719 3657 diversis
741 3566 934 3657 cartusiis
959 3568 1013 3656 ab
1039 3566 1243 3688 apostatis
1265 3567 1420 3687 passim
1446 3568 1587 3658 ablata
1612 3590 1786 3689 repete-

359 3717 477 3831 retis,
502 3717 646 3806 diruta
669 3717 939 3837 separaretis,
959 3717 1192 3837 depravata
1217 3714 1524 3830 reformaretis,
1550 3717 1792 3838 omniaque

359 3867 536 3956 tandem
551 3865 597 3955 in
619 3865 843 3986 pristinam
866 3887 912 3954 et
936 3865 1206 3955 Catholicam
1231 3867 1582 3956 orthodoxorum
1609 3871 1791 3957 Patrum

360 4014 657 4135 integritatem
696 4014 977 4129 revocaretis3
1012 4014 1175 4135 quain
1207 4017 1421 4136 palaestra,
1454 4015 1559 4105 dum
1585 4013 1789 4128 feliciter,

359 4164 573 4285 aspirante
603 4163 764 4255 coelesti
794 4161 958 4279 favore,
988 4164 1226 4279 luctamini,
1265 4188 1475 4285 quantam
1504 4163 1593 4253 odii
1622 4165 1792 4255 molem

360 4336 657 4434 quantamque
678 4312 977 4437 hujusmundi
994 4335 1248 4433 magnatum
1266 4335 1311 4402 et
1327 4334 1560 4434 potentum
1579 4312 1792 4403 invidiam

359 4463 664 4579 sustinueritis,
706 4464 787 4553 hac
823 4462 1060 4584 praesertim
1101 4461 1469 4552 turbulentissima
1505 4483 1791 4583 tempestate,

360 4611 482 4702 facile
505 4634 571 4702 est
591 4611 723 4702 cuivis
754 4643 846 4702 non
875 4610 1143 4733 imprudenti
1173 4640 1252 4731 per
1276 4642 1367 4700 sese
1397 4609 1622 4701 aestimare.
1652 4616 1794 4702 Cete-

360 4792 474 4876 rum,
495 4762 865 4882 quemadmodum
887 4792 963 4852 vos
980 4760 1069 4851 istis
1090 4759 1239 4850 vestris
1260 4760 1495 4877 laboribus,
1515 4759 1594 4850 nisi
1616 4760 1672 4851 ab
1694 4760 1797 4883 ipso
