4740 6414
1350 658 1556 739 -18-

742 899 998 992 responsum
1023 870 1078 960 ad
1101 870 1233 992 ipsius
1255 870 1481 992 epistolam
1514 868 1719 983 habebat,
1747 900 1835 991 qua
1865 869 1974 960 scire
2000 868 2166 959 deside·

742 1020 867 1111 rabat
897 1050 1091 1141 quonam
1121 1020 1256 1112 modo
1278 1020 1592 1140 respondissem
1621 1021 1669 1110 in
1699 1052 1886 1137 carcere,
1920 1053 2021 1112 cum
2050 1022 2168 1143 prior

742 1168 1016 1258 examinarer
1044 1169 1319 1289 superdicto
1351 1170 1542 1260 decreto.
1579 1171 1664 1261 Cui
1694 1171 1899 1292 respondi
1927 1202 2000 1260 me
2026 1201 2167 1260 meam

743 1317 1050 1408 conscientiam
1069 1348 1326 1408 exonerasse
1348 1342 1394 1408 et
1414 1319 1631 1410 rationem
1649 1352 1739 1412 esse
1763 1343 2019 1441 sequutum,
2038 1318 2168 1439 idque

743 1490 792 1558 ut
814 1468 903 1589 ipse
926 1467 1123 1557 similiter
1145 1491 1295 1588 ageret
1319 1470 1626 1562 admonebam.
1656 1477 1757 1561 Haec
1781 1469 1879 1584 fuit,
1902 1471 1965 1561 ita
1987 1471 2042 1560 sit
2063 1469 2168 1559 mibi

744 1625 859 1708 Deus
875 1617 1103 1739 propitius,
1124 1647 1318 1707 mearum
1336 1618 1579 1710 litterarum
1600 1621 1830 1711 sententia.
1853 1626 2020 1710 Harum
2037 1619 2169 1740 igitur

742 1799 866 1859 causa
888 1799 980 1857 non
1002 1799 1176 1888 possum
1206 1798 1285 1889 per
1308 1793 1499 1859 vestrum
1519 1772 1744 1861 decretum
1768 1770 1857 1860 sive
1879 1769 2071 1859 edictum
2094 1769 2167 1857 ad-

742 1918 824 2008 dici
846 1918 994 2008 morti.

541 2098 628 2208 ¹⁸arn
639 2112 715 2208 “13¹''
806 2067 983 2176 «Quod
1008 2095 1113 2156 vero
1138 2068 1193 2156 ad
1215 2067 1393 2156 tertium
1415 2069 1644 2159 articulum
1671 2068 1844 2183 attinet,
1871 2067 1946 2189 qui
1969 2067 2170 2157 continet

692 2197 697 2207 ⁵
743 2250 828 2329 me,
848 2248 949 2307 cum
972 2247 996 2305 a
1022 2222 1184 2306 Senatu
1209 2216 1497 2332 examinarer,
1517 2217 1786 2338 respondisse
1809 2240 2002 2308 vestrum
2019 2216 2167 2305 decre-

742 2393 837 2458 tum
854 2365 992 2456 simile
1014 2397 1104 2454 esse
1127 2365 1272 2486 gladio
1294 2365 1482 2487 ancipiti,
1497 2392 1547 2457 ut
1560 2367 1635 2488 qui
1653 2368 1980 2487 obtemperaret
1998 2364 2167 2487 pericli·

743 2540 910 2608 taretur
935 2516 988 2606 de
1011 2517 1147 2605 salute
1171 2515 1341 2630 animae,
1370 2515 1445 2636 qui
1476 2539 1747 2606 aversaretur
1770 2515 1992 2605 amitteret
2016 2514 2165 2627 vitam,

742 2697 790 2757 ac
819 2666 971 2755 eadem
1003 2664 1271 2786 respondisse
1301 2664 1554 2786 Episcopum
1580 2665 1841 2779 Roffensem,
1873 2664 1983 2754 sicut
2008 2662 2165 2776 dicitis;

741 2848 797 2907 ex
821 2847 911 2937 quo
936 2838 1139 2936 appareat
1165 2816 1255 2904 baec
1279 2814 1395 2904 inter
1417 2845 1497 2904 nos
1522 2817 1576 2905 de
1601 2815 1843 2936 composito
1869 2813 1955 2934 agi,
1978 2836 2168 2932 utroque

742 2969 897 3057 eodem
909 2966 1043 3055 modo
1061 2965 1366 3085 respondente.
1388 2966 1456 3053 Ad
1477 2966 1568 3055 haec
1587 2965 1846 3085 respondeo,
1868 2994 1939 3052 me
1956 2993 2049 3052 non
2066 2962 2166 3052 sim-

741 3117 909 3239 pliciter
931 3116 1005 3204 sed
1029 3115 1108 3204 sub
1130 3113 1382 3223 conditione
1413 3146 1503 3204 esse
1535 3116 1746 3228 locutum,
1776 3113 1975 3204 videlicet
1998 3113 2032 3202 si
2058 3135 2168 3202 esset

741 3267 917 3387 aliquod
955 3287 1163 3355 statutum
1204 3263 1340 3352 simile
1378 3264 1526 3383 gladio
1563 3264 1759 3385 ancipiti,
1801 3294 1996 3384 quonam
2034 3263 2167 3352 modo

741 3416 968 3539 quisquam
985 3413 1214 3502 hominum
1239 3413 1318 3502 sibi
1342 3437 1486 3533 posset
1507 3443 1659 3502 cavere
1681 3444 1737 3500 ne
1754 3414 2010 3501 alterutram
2032 3410 2166 3500 aciem

741 3565 969 3656 incurrat?
998 3571 1134 3653 Porro
1151 3562 1255 3685 quid
1272 3562 1545 3683 responderit
1570 3561 1795 3682 Episcopus
1815 3559 2023 3649 Roffensis
2039 3561 2165 3681 igno·

741 3745 808 3829 ro,
841 3737 886 3803 et
917 3712 1009 3801 fieri
1041 3735 1187 3833 potest
1217 3736 1266 3802 ut
1297 3712 1453 3801 eodem
1483 3711 1617 3800 modo
1655 3708 1940 3831 responderit
1977 3707 2020 3797 si
2056 3707 2167 3798 illius

740 3863 882 3953 oratio
897 3894 996 3952 cum
1020 3893 1116 3951 mea
1132 3861 1417 3982 congruebat,
1436 3861 1481 3949 id
1503 3889 1780 3981 nequaquam
1806 3857 1958 3947 accidit
1983 3887 2040 3946 ex
2061 3888 2165 3947 con·

740 4013 990 4134 spiratione,
1016 4014 1090 4101 sed
1112 4011 1255 4132 potius
1278 4043 1331 4100 ex
1356 4010 1636 4129 ingeniorum
1662 4038 1710 4097 ac
1732 4007 1941 4098 doctrinae
1966 4006 2165 4097 similitu·

740 4160 856 4252 dine.
899 4161 1095 4251 Breviter
1135 4161 1240 4250 illud
1278 4190 1359 4282 pro
1400 4182 1521 4249 certo
1568 4159 1795 4266 habetote,
1830 4187 1901 4245 me
1940 4187 2166 4277 nunquam

741 4312 950 4402 malitiose
988 4311 1224 4432 quidquam
1265 4312 1459 4399 locutum
1499 4331 1652 4398 contra
1692 4330 1886 4398 vestrum
1918 4308 2164 4421 decretum3

738 4462 914 4552 interim
939 4486 1087 4551 tamen
1113 4460 1206 4549 fieri
1230 4459 1376 4581 potuit
1405 4482 1456 4548 ut
1480 4460 1616 4548 multa
1639 4459 1693 4546 ad
1725 4455 2034 4546 concitandum
2061 4455 2167 4544 mihi

739 4610 888 4700 odium
914 4612 1028 4731 apud
1049 4608 1214 4729 regiam
1233 4612 1500 4728 Majestatem
1518 4608 1750 4728 depravate
1773 4605 1859 4696 sint
1875 4606 2056 4726 perlata.
2080 4641 2104 4689 a

805 4766 905 4849 Post
928 4760 1018 4848 haec
1034 4758 1173 4848 vocati
1198 4782 1299 4848 sunt
1323 4787 1401 4878 per
1418 4758 1665 4848 ministrum
1688 4755 1911 4877 publicum
1933 4754 2165 4846 duodecim
