4776 6390
1068 686 1309 764 ...40..

1107 929 1195 1020 Pag.
1219 949 1278 1015 41.

529 1154 540 1201 1
592 1159 609 1196 a
635 1131 800 1216 Sacrista,
821 1132 882 1220 qui
902 1130 1002 1200 valde
1023 1130 1219 1223 religiosus,
1244 1149 1402 1200 maturus
1423 1149 1457 1200 et
1477 1132 1593 1224 gravis
1624 1154 1703 1201 esse
1723 1133 1842 1218 debet,
1863 1134 1908 1202 de

478 1242 587 1290 manu
604 1220 738 1290 Prioris
755 1221 889 1288 clavem
904 1219 1040 1310 accipit,
1061 1237 1094 1287 et
1113 1241 1195 1287 cum
1209 1219 1304 1288 clave
1319 1220 1519 1289 custodiam
1534 1220 1696 1289 omnium
1726 1243 1805 1310 quae
1824 1239 1910 1290 sunt

478 1308 513 1377 in
533 1308 687 1377 ecclesia.
711 1334 728 1372 ι)
751 1309 804 1376 Ex
826 1323 856 1376 ι·
877 1323 973 1399 parte
995 1307 1217 1378 Statutorum
1240 1324 1457 1393 nostrorum,
1479 1331 1555 1399 cap.
1573 1331 1664 1390 ιιιιιιι,
1686 1319 1702 1391 5
1725 1331 1754 1377 ι.

1108 1562 1195 1653 Pag.
1219 1583 1279 1650 42.

531 1788 541 1832 1
591 1763 701 1830 Vetus
729 1761 821 1830 fama
844 1760 939 1852 viget
958 1761 994 1829 in
1019 1761 1155 1831 Ordine
1181 1780 1301 1832 nostro
1326 1766 1420 1833 hunc
1439 1788 1515 1833 esse
1545 1767 1585 1834 F.
1608 1766 1752 1856 Taylor,
1770 1767 1815 1834 de
1835 1789 1909 1856 quo

481 1851 613 1920 mentio
632 1867 683 1918 est
701 1850 755 1919 bis
773 1849 808 1918 in
828 1849 979 1918 decursu
999 1849 1103 1939 hujus
1121 1850 1313 1920 Historiae:
1339 1876 1371 1943 p.
1394 1853 1433 1921 81
1458 1855 1554 1922 circa
1563 1853 1689 1944 finem,
1706 1871 1740 1922 et
1760 1878 1795 1945 p.
1830 1858 1906 1924 125.

527 1978 546 2025 2
592 1954 813 2037 Sacrarium,
836 1956 931 2044 apud
955 1977 1032 2039 nos,
1060 1973 1208 2023 nonest
1241 1957 1484 2027 sanctuarium
1510 1959 1678 2043 ecclesiae,
1703 1981 1828 2029 verum
1853 1985 1911 2029 sa·

482 2044 609 2114 cellum
627 2043 802 2129 adjacens,
819 2060 857 2111 ut
876 2042 994 2111 videre
1014 2060 1065 2111 est
1080 2067 1114 2134 p.
1134 2042 1177 2111 83
1194 2060 1228 2113 et
1243 2062 1317 2113 not.
1335 2067 1368 2114 2.

1112 2300 1198 2390 Pag.
1226 2319 1284 2385 44.

530 2525 541 2568 1
594 2503 678 2570 Erat
693 2517 775 2568 tunc
791 2521 966 2568 annorum
981 2499 1052 2568 fere
1066 2519 1124 2586 4o.

526 2628 544 2674 2
593 2634 610 2668 «
631 2604 689 2676 Sic
709 2604 903 2705 enimcum
922 2604 1088 2673 volumus
1107 2606 1287 2760 appellari,
1307 2607 1410 2699 qui...
1438 2608 1601 2763 exemplo
1621 2608 1786 2692 Marthae,
1807 2611 1911 2698 cujus

479 2693 632 2783 suscepit
647 2692 814 2777 officium,
831 2692 921 2761 circa
944 2693 1054 2760 multa
1076 2695 1128 2760 sol
1146 2694 1259 2762 rcitari
1275 2718 1315 2763 ac
1334 2695 1468 2764 turbari
1495 2696 1540 2764 ha
1566 2712 1608 2764 et.
1630 2723 1647 2757 »
1673 2698 1725 2765 Ex
1746 2712 1784 2764 ιι·
1805 2716 1908 2788 parte

480 2781 707 2853 Statutorum
722 2797 938 2865 nostrorum,
954 2801 1030 2870 cap.
1046 2803 1096 2865 vr,
1112 2790 1127 2863 5
1147 2805 1175 2850 ι.

1107 3039 1193 3128 Pag.
1218 3040 1277 3122 45.

527 3261 538 3308 1
592 3241 673 3309 Non
692 3256 775 3307 sunt
795 3241 890 3328 apud
914 3261 977 3306 nos
1002 3238 1157 3320 abbates,
1176 3261 1218 3307 ne
1239 3239 1273 3307 in
1295 3237 1420 3326 Maiori
1441 3239 1586 3328 quidem
1603 3238 1781 3325 Cartusia,
1802 3244 1908 3331 cujus

478 3328 706 3396 Reverendus
723 3329 829 3395 Pater
844 3326 1006 3395 humilem
1023 3349 1060 3394 se
1080 3327 1165 3395 dicit
1180 3327 1359 3395 Cartusiae
1375 3328 1557 3396 Priorem.

522 3454 540 3499 a
589 3433 624 3500 Is
645 3433 732 3500 Ven.
755 3432 859 3501 Pater
879 3432 1008 3501 electus
1024 3448 1077 3499 est
1102 3454 1195 3499 anno
1218 3434 1318 3521 1529,
1332 3450 1520 3532 postquam
1544 3455 1650 3501 senex
1665 3433 1797 3589 Tgnby
1822 3435 1847 3503 h
1868 3434 1907 3503 in

477 3518 643 3620 Capitulo
663 3519 825 3590 Generali
841 3519 1002 3607 ejusdem
1018 3518 1103 3587 anni
1120 3520 1257 3587 solutus
1273 3536 1324 3587 est
1343 3519 1468 3621 officio.
1485 3519 1552 3609 (Ex
1568 3523 1679 3589 chart.
1703 3543 1780 3621 nep.
1857 3527 1908 3612 ιι.)

478 3609 559 3676 Fuit
583 3608 705 3675 doctus
729 3629 768 3676 ac
812 3608 868 3676 ius
895 3609 1057 3698 scriptor,
1096 3625 1133 3675 ut
1158 3609 1251 3698 apud
1276 3610 1457 3676 Petreium
1490 3626 1650 3678 nostrum
1678 3609 1797 3679 videre
1837 3629 1908 3696 est,

475 3718 512 3852 p.
539 3695 768 3785 157.Confer
832 3700 1000 3779 orotium,
1025 3718 1060 3785 p.
1090 3717 1165 3764 120.
1192 3695 1291 3766 Obiit
1322 3697 1375 3765 16·
1398 3696 1453 3764 die
1474 3696 1689 3766 Novembris
1713 3720 1769 3766 an.
1800 3701 1903 3768 1531.

510 3784 647 3874 romby,
666 3800 691 3852 t.
717 3785 761 3868 X,
779 3807 814 3873 p.
835 3806 890 3874 72.

521 3888 540 3956 3
589 3915 606 3951 a
633 3888 884 3957 Describantur
905 3889 950 3957 ad
974 3887 1166 3956 visitandas
1196 3888 1402 3956 Provincias
1423 3888 1528 3956 totius
1556 3888 1718 3974 Ordinis,
1743 3890 1804 3982 qui
1828 3893 1907 3961 zelo

477 3976 541 4045 Dei
564 3993 598 4044 et
621 3976 767 4047 Ordinis
791 3976 914 4061 nostri,
937 3976 1134 4067 integritate
1153 3975 1246 4061 vitae,
1272 3976 1446 4062 doctrina,
1473 3977 1618 4064 judicio,
1635 3979 1849 4069 experientia
1870 4000 1906 4048 et

476 4064 686 4134 discretione
708 4064 831 4133 ceteris
858 4081 1028 4166 praestare
1058 4064 1254 4132 videantur.
1274 4091 1290 4127 a
1319 4066 1371 4134 Ex
1389 4080 1425 4132 ιι·
1454 4084 1552 4155 parte
1586 4065 1674 4136 Stat.
1702 4084 1796 4135 nost.
1821 4089 1901 4159 cap.

475 4174 567 4236 ιιιιιιι,
585 4162 601 4234 5
618 4175 649 4220 2.
672 4181 689 4216 «
708 4154 821 4221 Porro
838 4154 985 4244 singulae
1003 4154 1139 4220 Domus
1161 4151 1309 4221 Ordinis
1329 4153 1514 4222 visitentur
1532 4153 1681 4245 singulis
1697 4154 1863 4225 bienniis.
1886 4186 1904 4220 »

476 4240 583 4325 rna,
602 4249 617 4322 t
638 4260 672 4327 4.

1111 4497 1197 4586 Pag.
1223 4498 1281 4580 46.

522 4721 533 4766 1
583 4696 787 4765 Meminisse
796 4712 947 4786 oportet,
960 4696 1054 4785 quod
1064 4695 1134 4782 jam
1146 4696 1299 4765 diximus
1313 4697 1904 4790 etprobavimus(p.xx1vinfineet

474 4803 628 4872 not.1,et
642 4808 677 4875 p.
688 4787 791 4872 xxrn),
802 4783 1072 4869 D.Mauritium,
1085 4801 1169 4852 tunc
1180 4785 1364 4875 temporis,
1378 4787 1459 4854 26¹¹¹¹n
1469 4808 1602 4855 annum
1615 4809 1686 4855 non
1700 4810 1899 4879 superasse.
