4776 6390
1209 1204 1612 1313 EPILOGUS

745 1795 983 1921 t
1017 1800 1101 1885 AEC
1131 1795 1279 1911 habui,
1312 1828 1407 1917 quae
1442 1797 1488 1886 in
1524 1794 1854 1917 praesentiarum
1887 1795 1942 1884 de
1974 1795 2134 1887 sanctis

743 1943 749 2053 3
792 1922 824 2038 [Z.
881 1906 904 1975 i
946 1906 979 2079 {a
1017 1943 1097 2034 illis
1114 1945 1378 2066 Martyribus
1404 1973 1813 2060 commemorarem,
1834 1975 2004 2034 summa
2030 1966 2133 2035 tan-

709 2074 741 2173 ’ὲ
792 2124 802 2186 a
866 2082 892 2210 ,f
945 2063 976 2256 ἒ
1017 2116 1112 2184 tum
1144 2125 1290 2183 rerum
1319 2117 1488 2185 secutus
1521 2093 1702 2214 fastigia.
1737 2098 1849 2184 Nam
1881 2093 2050 2214 singula
2078 2094 2134 2184 ad

721 2262 729 2289 ¹*
765 2309 773 2321 ,
812 2277 849 2319 κ
868 2218 906 2327 ἦ
948 2222 977 2319 l
1017 2246 1198 2364 longum
1244 2242 1423 2360 referre,
1469 2276 1565 2366 quae
1598 2243 1687 2364 ipse
1721 2242 1898 2364 quidem
1940 2274 2033 2333 non
2076 2274 2133 2333 ex

699 2391 789 2481 aliis
814 2392 957 2514 accepi
989 2395 1063 2484 sed
1086 2424 1273 2515 praesens
1296 2394 1488 2515 comperi
1507 2423 1786 2515 quorumque
1808 2392 2009 2483 omnium
2031 2423 2132 2514 pars

698 2574 783 2662 ego
812 2573 970 2662 magna
1000 2541 1078 2658 fui,
1107 2543 1233 2634 nimis
1260 2567 1305 2632 et
1333 2543 1439 2632 mihi
1470 2565 1515 2632 et
1542 2542 1693 2632 lectori
1724 2540 1857 2632 fuerit
1881 2542 2127 2658 taediosum,

699 2691 767 2781 cui
796 2690 858 2779 rei
890 2715 1021 2812 gestae
1049 2692 1273 2783 historiam
1297 2692 1547 2813 simpliciter
1572 2693 1631 2782 ob
1652 2693 1800 2781 oculos
1825 2720 2008 2813 ponere,
2037 2722 2130 2781 non

698 2840 839 2961 longis
878 2841 1133 2962 ambagibus
1169 2845 1238 2932 vel
1282 2841 1503 2963 exquisitis
1542 2841 1868 2931 commentariis
1914 2871 2126 2957 onerare,

698 2991 837 3081 visum
861 2990 986 3081 nobis
1010 2989 1106 3081 fuit.
1141 2993 1251 3082 Illud
1281 3016 1428 3081 tamen
1454 2992 1573 3082 velut
1594 2989 1773 3080 auctarii
1799 2989 1891 3080 vice
1920 2988 2128 3113 adjicien-

408 3173 500 3298 hoqeiq
503 3172 671 3285 3311ngqu
700 3141 804 3229 dum
832 3139 995 3261 putavi,
1023 3142 1143 3261 quod
1170 3171 1302 3230 nemo
1328 3170 1482 3231 eorum
1508 3140 1583 3262 qui
1612 3140 1737 3230 nobis
1770 3139 2008 3260 perniciem
2035 3139 2127 3229 exi·

409 3297 477 3410 ⁸¹³3,
495 3296 671 3410 mifffiffftfflm
699 3289 897 3410 tiumque
922 3289 1155 3380 machinati
1182 3288 1371 3406 fuerant,
1393 3291 1466 3380 diu
1482 3288 1768 3412 supervixerit
1786 3289 2129 3410 diuturnamque

698 3441 967 3560 voluptatem
999 3470 1054 3528 ex
1082 3439 1166 3529 suis
1197 3439 1285 3530 istis
1318 3438 1581 3531 facinoribus
1607 3439 1884 3562 perceperit:
1911 3470 2011 3528 cum
2037 3470 2128 3528 non

699 3591 839 3678 multo
864 3610 976 3709 post,
1006 3620 1158 3678 omnes
1181 3592 1249 3680 vel
1271 3590 1462 3681 violenta
1493 3622 1631 3712 eaque
1662 3588 1954 3710 ignominiosa
1983 3612 2129 3678 morte

698 3738 923 3861 perierint,
952 3740 1021 3829 vel
1049 3738 1210 3861 alioqui
1237 3741 1292 3829 ad
1316 3771 1530 3830 summam
1562 3760 1798 3860 egestatem
1827 3738 2125 3859 pervenerint,

698 3889 832 4010 inque
857 3909 1069 3977 extremas
1094 3888 1193 3978 vitae
1217 3890 1419 3979 humanae
1446 3888 1707 3979 calamitates
1732 3888 1978 3978 inciderint.
2015 3895 2128 3978 Nam

408 4072 499 4196 “pig
521 4071 670 4200 clppppg
698 4038 788 4160 ipse
821 4039 1009 4128 Thomas
1041 4039 1293 4154 Cromwell,
1322 4038 1513 4128 Vicarius
1539 4038 1677 4159 Regis,
1705 4037 1817 4127 infra
1845 4037 2074 4128 biennium
2103 4068 2128 4128 a

411 4218 483 4254 Μ·
698 4212 857 4278 nostrae
895 4184 1212 4309 profligationis
1244 4211 1458 4310 tempore,
1489 4210 1671 4309 propter
1703 4186 1865 4277 crimen
1898 4188 2006 4276 laesae
2033 4217 2126 4277 ma-

697 4337 858 4462 jestatis
881 4336 1020 4459 capite
1044 4339 1275 4427 mulctatus
1292 4360 1370 4428 est.
1392 4338 1605 4428 Custodes
1620 4366 1725 4427 vero
1745 4341 1909 4426 Domus
1935 4350 2125 4427 nostrae¹

699 4488 752 4576 ad
797 4486 991 4608 inopiam
1029 4508 1074 4576 et
1113 4486 1437 4576 mendicitatem
1483 4485 1746 4600 relabentes,
1790 4484 1945 4575 misere
1990 4485 2127 4576 vitam

699 4667 819 4725 suam
844 4635 1011 4726 finiere.
1045 4642 1155 4726 Item
1182 4635 1339 4725 mulier
1364 4637 1561 4757 quaedam
1592 4667 1647 4724 ex
1675 4657 1931 4756 contemptu
1955 4657 2001 4724 et
2024 4665 2126 4757 per-

698 4785 855 4876 tinacia
887 4785 1107 4877 ecclesiam
1142 4808 1335 4875 nostram
1372 4785 1576 4906 ingressa,
1606 4783 1732 4875 nobis
1763 4814 1930 4874 sacrum
1962 4781 2127 4875 facien-
