1481 1781
628 259 735 279 —53—

325 312 385 336 bone
394 313 474 341 Frater,
483 312 625 334 sensualitatis
636 317 678 334 tuae
692 311 814 342 appetitum
828 311 851 334 in
866 312 968 334 omnibus
980 312 1041 342 sequi

324 358 372 373 non
387 350 484 378 deberes,
495 355 579 379 quanto
593 349 664 371 minus
675 355 698 371 et
710 349 745 371 hic
757 349 779 371 in
792 349 887 372 claustro
897 350 906 371 ?
920 349 988 372 Facias
1002 349 1041 373 tibi

325 388 420 418 aliquam
435 387 480 410 vim
493 387 593 409 adversus
609 387 661 409 tales
675 386 825 416 suggestiones
840 387 934 416 nocivas,
950 392 975 410 ut
991 395 1040 410 cum

324 424 426 448 violentis
446 432 540 454 regnum
561 425 666 447 coelorum
688 424 791 454 acquiras.
812 433 823 445 ιι
845 424 903 446 Nulli
921 432 974 447 vero
992 432 1041 447 cum

326 462 463 485 animositate
471 461 552 491 aliquid
564 461 666 491 negabat,
677 469 718 483 nec
726 461 792 483 etiam
807 461 898 484 faciliter
908 462 1042 485 concedebat

325 499 412 530 eisquae
423 499 576 529 requirebant3
587 499 624 521 sed
634 506 684 521 cum
696 498 733 521 tali
746 499 837 521 lenitate
849 498 935 529 spiritus
947 505 970 521 et
982 499 1041 522 molli

325 537 467 567 responsione
478 544 501 559 se
511 536 607 559 habebat
617 542 644 558 ut
654 536 746 558 aliorum
760 536 850 558 durities
863 536 1007 565 emolliretur,
1020 542 1042 559 et

325 574 396 597 multo
408 574 520 596 hilariores
531 573 666 596 discederent
676 581 717 603 pro
727 573 852 604 repulsione
863 580 886 596 et
897 574 1042 604 abnegatione

325 611 419 642 propriae
430 611 556 640 voluntatis,
569 618 634 641 quam
645 610 735 633 fuissent
750 611 766 633 si
779 611 811 633 eis
822 611 951 641 petitionem
965 619 1042 634 eorum

325 649 469 671 concessisset.
483 648 574 679 Spiritus
586 648 636 671 vitae
648 654 696 670 erat
709 648 732 670 in
747 648 802 671 rotis
815 656 941 671 sermonum
954 650 1007 680 ejus.
1022 649 1042 672 Si

325 686 446 717 quemlibet
461 687 557 708 Fratrum
569 685 592 708 in
604 685 786 715 pronunciatione
798 691 821 708 et
830 686 952 716 prolatione
963 687 1042 709 verbo-

324 731 375 747 rum
383 723 509 755 (secundum
523 723 680 745 modernorum
694 730 771 745 vanam
784 722 933 746 fumositatem
946 730 969 746 et
981 724 1042 747 adin-

323 760 460 790 ventionem)
472 760 582 783 curiosum
594 761 698 782 lectorem
713 760 748 782 vel
763 760 895 791 singularem
911 761 1042 791 pronuncia-

324 804 398 821 torem
406 798 504 824 audisset,
514 797 570 820 serio
579 805 630 820 eum
638 805 663 820 ac
671 797 745 819 durius
753 797 886 828 increpabat,
896 798 968 821 dicens
977 798 1042 821 talem

324 835 472 859 curiositatem
485 834 619 858 Cartusianae
626 834 756 865 simplicitati
769 843 816 857 non
829 835 954 858 convenire.
968 835 1043 858 Prodit

323 873 384 896 enim
400 881 428 897 ex
444 872 546 904 superbia
560 878 586 896 ut
600 872 658 896 docti
675 872 797 902 videamur,
808 872 857 896 licet
871 873 922 896 hinc
936 874 1042 904 majorem

324 911 472 934 eruditionem
490 919 536 934 non
554 911 690 941 acquiramus
709 919 781 941 neque
803 911 914 941 pietatem.
933 921 945 932 α
961 911 1041 934 Idcirco

323 949 454 979 simplicitas,
469 948 548 978 inquit,
563 948 688 970 columbina
702 956 751 970 cum
767 948 872 971 charitate
885 949 920 977 sit,
934 956 1007 979 quaeso
1019 954 1042 972 te

326 987 406 1015 Frater,
425 991 500 1008 nostra
518 993 602 1008 summa
620 985 709 1008 scientia
727 991 750 1008 et
770 986 885 1014 doctrina;
908 986 1042 1017 vestigiaque

326 1025 414 1046 Pati-um
425 1028 551 1045 nostrorum
560 1022 584 1045 in
592 1022 714 1045 sinceritate
723 1030 798 1045 coram
812 1024 859 1046 Deo
867 1029 890 1046 et
898 1023 987 1046 Christo
996 1025 1042 1055 ejus

324 1061 472 1091 insequamur.
484 1069 495 1081 t

355 1099 419 1121 Circa
431 1098 503 1121 divina
516 1098 595 1120 Officia
606 1103 629 1120 et
639 1098 726 1120 servitia
739 1098 801 1120 valde
814 1097 905 1128 vigilans
916 1104 971 1127 erat,
983 1103 1006 1121 et
1016 1104 1042 1121 ut

324 1135 461 1159 uniformitas
473 1135 496 1158 in
512 1135 645 1158 ooeremoniis
661 1141 684 1158 et
699 1135 803 1158 omnibus
818 1141 940 1158 servaretur
956 1143 1042 1166 semper

324 1173 422 1202 monuit;
432 1179 456 1195 et
465 1179 492 1196 ut
503 1173 658 1203 protraherent
668 1178 755 1195 cantum
768 1180 832 1195 suum
847 1172 871 1195 in
884 1173 980 1202 ecclesia,
992 1174 1040 1196 Fra—

323 1211 393 1234 tribus
404 1211 537 1234 creberrime
550 1210 674 1233 acclamavit
687 1210 759 1233 dicens
771 1218 775 1232 :
791 1219 805 1231 ι
818 1211 866 1233 Huc
881 1210 979 1233 venimus
994 1211 1041 1233 Deo

323 1249 413 1278 servire,
431 1248 492 1279 operi
512 1248 580 1278 igitur
601 1254 624 1270 et
642 1247 730 1270 servitio
748 1249 794 1278 ejus
815 1247 947 1270 insistamus.
969 1249 1039 1278 Super

323 1293 399 1309 muros
417 1285 476 1308 enim
495 1286 614 1308 Jerusalem
634 1285 746 1308 constituti
764 1292 839 1308 sumus
858 1293 871 1307 a
892 1286 947 1314 Deo,
967 1285 1039 1316 judice

1070 432 1121 445 Manu.
1129 436 1147 449 n,
1158 436 1177 445 ιι.

1072 658 1122 675 εῃοιι.
1130 661 1139 674 ι,
1146 661 1167 670 ιο.

1071 1106 1115 1120 valde
1130 1107 1143 1120 vi
1158 1107 1189 1120 lam

1055 1123 1091 1135 circ-fl
1101 1122 1145 1135 “clu
1151 1126 1163 1135 ι
1169 1122 1189 1135 ol*-

1056 1137 1087 1156 sei·
1098 1140 1112 1151 a
1124 1137 1187 1151 minim·

1056 1157 1081 1166 m.
