4740 6414
1199 697 1251 711 ..
1279 681 1389 757 4..

586 891 635 951 ac
672 860 773 950 fidei
814 859 953 982 eopia,
995 882 1046 950 ut
1083 891 1238 953 eorum
1270 893 1477 952 numerus
1514 886 1624 953 esset
1659 863 2012 981 innumerabilis,

585 1030 772 1099 testante
794 1009 1051 1130 Apocalypsi
1067 1034 1113 1100 et
1129 1009 1299 1100 dicente
1320 1045 1328 1100 :
1352 1049 1375 1096 ι
1398 1016 1499 1101 Post
1514 1012 1605 1102 haec
1620 1012 1709 1103 vidi
1724 1014 1901 1105 turbam
1915 1045 2011 1105 ma·

585 1190 717 1280 gnam
734 1190 865 1280 quam
882 1158 1158 1249 dinumerare
1175 1191 1308 1249 nemo
1324 1183 1512 1281 poterat,
1532 1193 1588 1250 ex
1604 1163 1725 1253 omni
1742 1187 1877 1282 gente
1892 1188 1940 1254 et
1954 1195 2010 1255 ex

590 1308 711 1398 omni
728 1308 862 1422 tribu,
883 1329 929 1397 et
945 1310 1109 1429 populo
1124 1332 1169 1399 et
1184 1309 1348 1430 lingua,
1367 1332 1527 1400 stantes
1543 1310 1590 1401 in
1606 1335 1841 1435 conspectu
1858 1316 2009 1405 throni

585 1480 631 1547 et
653 1457 786 1578 Agni3
818 1479 864 1547 et
885 1478 1012 1546 erant
1034 1456 1179 1547 amicti
1208 1457 1326 1547 stolis
1349 1457 1470 1573 albis,
1499 1481 1544 1548 et
1571 1460 1726 1580 palmae
1754 1459 1939 1553 filerunt
1963 1463 2009 1553 in

584 1605 782 1696 manibus
807 1635 977 1720 eorum,
1005 1628 1050 1695 et
1077 1637 1238 1726 magno
1266 1608 1454 1695 clamore
1491 1606 1725 1698 dicebant:
1760 1612 1882 1700 Salus
1912 1615 2007 1701 Deo

403 1797 472 1843 -vu,
507 1819 512 1828 -
583 1778 734 1844 nostro
755 1755 920 1845 sedenti
938 1785 1066 1875 super
1086 1756 1297 1844 thronum
1315 1777 1359 1844 et
1376 1763 1520 1875 Agn0,
1539 1779 1639 1872 etc,
1659 1794 1683 1841 a
1704 1780 1854 1849 tamen
1877 1762 2007 1881 paulo

581 1925 695 2025 post,
708 1934 804 1993 cum
820 1909 907 2027 jam
923 1904 1085 2024 primus
1101 1903 1172 1991 ille
1187 1903 1414 2024 primitivae
1432 1905 1620 1994 Ecclesiae
1635 1903 1782 1996 fervor
1798 1909 2006 2029 paulatim

582 2054 883 2173 elanguescere
915 2051 1141 2172 inciperet,
1175 2051 1395 2172 animique
1428 2052 1777 2144 Christianorum
1816 2058 1873 2146 ad
1905 2058 2006 2148 vitia

582 2232 713 2322 quam
755 2203 808 2291 ad
846 2201 1028 2292 virtutes
1063 2232 1176 2322 pene
1207 2200 1434 2321 proniores
1472 2199 1757 2320 ferrerentur,
1798 2207 2005 2328 martyria

580 2352 707 2443 simul
731 2382 947 2441 rarescere
972 2381 1157 2471 coepere,
1181 2349 1280 2438 licet
1303 2350 1457 2470 passim
1489 2350 1666 2472 alioqui,
1695 2376 1740 2443 et
1765 2358 2004 2475 praesertim

579 2503 625 2593 in
648 2500 868 2614 coenobiis,
894 2499 1020 2588 multi
1046 2498 1290 2588 exstiterint
1307 2499 1440 2587 sancti
1464 2523 1606 2620 patres
1631 2502 1705 2622 qui
1726 2504 2001 2622 obedientiae,

579 2649 856 2763 castimoniae,
881 2649 1115 2770 patientiae,
1136 2647 1388 2738 humilitatis
1409 2671 1454 2736 et
1476 2649 1735 2766 devotionis,
1755 2682 1848 2742 non
1865 2655 2003 2774 poeni·

578 2802 710 2891 tenda
732 2798 947 2887 ediderint
972 2796 1185 2917 exempla.
1218 2803 1322 2903 Quo
1350 2797 1689 2888 admirabiliores
1714 2800 1875 2891 merito
1902 2834 2003 2893 cen·

577 2949 697 3040 sendi
731 2971 832 3038 sunt
864 2946 910 3036 hi
946 2945 1205 3059 Cartusiani,
1241 2976 1429 3066 quorum
1461 2978 1541 3037 nos
1572 2947 1807 3039 Historiam
1840 2951 2005 3042 sincera

577 3097 820 3189 intentione
857 3095 1065 3218 publicari
1106 3093 1362 3208 curavimus,
1396 3094 1471 3214 qui
1508 3094 1554 3185 in
1592 3094 1686 3217 ipso
1723 3099 1878 3189 mundi
1915 3105 2004 3223 jam

577 3246 834 3339 senescentis
859 3277 1026 3359 occasu,
1048 3276 1136 3364 quo
1162 3244 1310 3332 omnia
1334 3242 1437 3333 vitia
1461 3266 1576 3333 stant
1593 3244 1639 3334 in
1661 3246 1869 3367 praecipiti
1893 3251 2005 3339 adeo

577 3423 625 3490 ut
649 3419 872 3519 nequeant
903 3397 971 3485 vel
1000 3392 1181 3483 ulterius
1212 3392 1415 3513 progredi
1443 3394 1512 3482 vel
1541 3394 1666 3484 altius
1692 3399 2002 3515 conscendere,

577 3548 728 3638 animis
750 3568 839 3635 tam
862 3543 1088 3634 obstinatis
1110 3565 1318 3661 tantaque
1352 3541 1509 3631 mentis
1542 3542 1584 3632 vi
1621 3566 1666 3632 et
1698 3542 1929 3666 flagrantia
1958 3548 2006 3638 in

578 3695 801 3787 Catholica
833 3694 919 3782 fide
951 3716 996 3783 et
1031 3691 1290 3782 Orthodoxa
1327 3714 1475 3780 nostra
1509 3691 1720 3812 religione
1753 3694 2001 3814 perstitere,

577 3845 815 3967 quamlibet
836 3843 1029 3955 interim,
1055 3839 1340 3930 frementibus
1362 3870 1506 3955 carne,
1533 3843 1700 3931 mundo
1721 3866 1766 3933 et
1795 3843 2002 3962 Diabolo,

575 4020 625 4086 ut
656 3994 869 4117 primaevis
900 3993 980 4083 illis
1013 3991 1274 4113 Martyribus
1307 4021 1398 4079 non
1430 3990 1562 4078 modo
1596 4021 1735 4112 pares,
1768 3993 1843 4082 sed
1875 4016 2006 4086 tauto

574 4155 819 4244 habeantur
842 4157 937 4276 jure
968 4149 1212 4271 superiores
1233 4171 1399 4269 quanto
1422 4146 1601 4238 fuerunt
1630 4172 1829 4271 tempore
1852 4176 2004 4272 poste·

575 4304 724 4394 riores.
756 4301 820 4392 Illi
852 4301 969 4390 enim
1003 4299 1246 4420 superiores
1278 4321 1372 4387 tum
1403 4297 1616 4387 immolati
1646 4296 1770 4389 fuere
1803 4301 2004 4420 Christo,

574 4486 672 4544 cum
713 4482 845 4542 nemo
882 4449 974 4539 fere
1006 4448 1175 4538 difficile
1213 4450 1282 4538 vel
1322 4448 1506 4550 arduum
1548 4471 1722 4568 putaret
1759 4474 2006 4573 martyrem

574 4601 681 4713 fieri,
702 4624 883 4723 propter
896 4598 1260 4689 innumerabilem
1287 4627 1457 4710 eorum,
1478 4596 1552 4717 qui
1570 4597 1765 4718 quotidie
1788 4622 2006 4721 tanquam

313 4779 460 4842 nonni,
475 4781 516 4834 36.
574 4783 676 4842 oves
713 4749 934 4840 occisionis
962 4750 1017 4838 ad
1039 4747 1253 4837 lanienam
1289 4746 1591 4860 trahebantur,
1630 4747 2002 4843 multitudinem:
