4776 6390
891 670 1105 751 ..23-

289 886 373 973 hoc
397 906 462 972 est
485 911 564 1003 per
588 906 678 972 tam
704 884 889 1002 grandes
915 879 1126 971 Dominos
1154 905 1199 970 et
1223 881 1447 1003 Episcopos
1479 914 1718 1004 omnesque

290 1031 382 1123 fere
405 1032 593 1122 universi
620 1032 745 1152 regni
775 1038 992 1145 Proceres‚
1023 1030 1241 1119 contraria
1265 1031 1405 1120 esti»

352 1184 422 1272 Ad
444 1183 563 1303 quod
577 1181 694 1271 idem
715 1186 881 1270 Doctor
896 1179 1149 1300 respondit:
1174 1216 1196 1262 «
1218 1183 1505 1270 Decreveram
1523 1182 1716 1302 quidem,

290 1331 535 1421 imitaturus
576 1330 817 1420 Dominum
858 1353 1057 1419 nostrum
1098 1335 1244 1418 Jesum
1280 1330 1504 1420 Christum
1536 1331 1641 1420 dum
1674 1330 1719 1418 in

288 1480 450 1605 judicio
467 1509 614 1570 coram
634 1479 810 1569 Herode
827 1500 1106 1592 statueretur,
1127 1477 1234 1568 nihil
1252 1480 1538 1599 respondere3
1564 1509 1718 1570 verum

290 1629 499 1753 quoniam
536 1661 607 1718 me
641 1628 806 1749 urgetis
840 1630 894 1717 ad
929 1627 1064 1717 finem
1100 1651 1312 1748 quotam
1345 1660 1452 1718 meae
1485 1659 1615 1750 quam
1650 1627 1719 1717 hic

290 1778 523 1870 astantium
547 1777 818 1869 conscientiis
841 1775 1109 1892 satisfaciam,
1129 1777 1226 1866 dico
1251 1779 1370 1897 quod
1384 1802 1533 1867 nostra
1549 1777 1716 1899 opinio,

290 1929 402 2019 side
432 1927 689 2018 testimoniis
713 1957 1006 2049 verorumque
1038 1925 1249 2046 suffragiis
1276 1927 1345 2046 agi
1373 1951 1531 2048 posset,
1557 1928 1718 2017 instru-

289 2076 401 2169 ctior
432 2077 565 2199 copiis
599 2099 710 2167 esset
740 2099 871 2199 atque
903 2075 1161 2167 testimoniis
1186 2077 1326 2166 multo
1350 2076 1566 2197 copiosior
1587 2108 1718 2198 quam

289 2250 441 2318 vestra.
468 2226 689 2347 Siquidem
715 2256 797 2348 pro
823 2226 1096 2348 quibusdam,
1126 2256 1235 2346 quos
1267 2247 1315 2315 tu
1346 2256 1401 2316 ex
1436 2225 1563 2315 unius
1592 2226 1717 2346 regni

292 2378 569 2466 Parlamento
609 2375 796 2490 adducis,
840 2399 983 2465 totum
1030 2406 1114 2494 ego
1159 2374 1300 2464 habeo
1347 2406 1518 2464 mecum
1564 2375 1718 2466 orbem

289 2525 655 2640 Christianorum,
675 2525 865 2645 exceptis
888 2525 1027 2615 adhuc
1053 2524 1118 2613 his
1140 2524 1215 2644 qui
1241 2548 1342 2614 sunt
1366 2525 1419 2614 de
1445 2525 1529 2614 hoc
1555 2554 1715 2646 regno;

290 2706 383 2766 non
399 2674 554 2788 dicam,
574 2705 727 2763 omnes
751 2675 806 2762 de
833 2703 988 2793 regno,
1014 2672 1222 2795 quoniam
1248 2672 1393 2762 minor
1416 2704 1512 2793 pars
1537 2704 1618 2794 pro
1640 2706 1717 2763 vo-

291 2825 355 2916 bis
382 2848 461 2914 est.
493 2829 541 2914 Et
571 2826 674 2913 dato
708 2826 827 2943 quod
858 2828 998 2946 major
1026 2853 1124 2943 pars
1154 2823 1278 2942 regni
1306 2821 1591 2913 insectaretur
1622 2824 1717 2945 opi-

290 2975 470 3065 nionem
497 3004 660 3088 meam,
687 2997 835 3063 tamen
863 2974 908 3062 id
939 3004 1030 3061 non
1056 2972 1182 3061 fieret
1205 3004 1260 3061 ex
1286 2972 1516 3087 sententia,
1544 2976 1619 3063 sed
1641 3003 1720 3095 per

290 3147 518 3214 externam
544 3124 770 3213 dumtaxat
795 3123 1136 3237 simulationem,
1157 3122 1288 3242 idque
1314 3145 1435 3212 metu
1459 3122 1718 3212 amittenda-

290 3303 389 3363 rum
426 3272 690 3393 dignitatum
726 3303 774 3361 ac
812 3272 1050 3386 honorum,
1084 3293 1160 3361 aut
1193 3303 1266 3392 spe
1308 3267 1465 3361 favoris
1496 3272 1605 3392 regii
1640 3272 1719 3363 sibi

289 3421 561 3513 conciliandi.
595 3459 618 3505 r
652 3427 791 3543 Super
821 3453 911 3542 quo
946 3422 1129 3511 articulo
1160 3421 1416 3541 quantocius
1447 3421 1506 3510 illi
1540 3423 1718 3512 manda-

291 3595 386 3664 tum
409 3595 474 3661 est
496 3600 576 3692 per
600 3570 885 3661 Secretarium
914 3571 1052 3690 Regis,
1084 3571 1163 3660 sub
1187 3602 1314 3691 poena
1335 3571 1584 3661 incurrendi
1602 3572 1719 3692 rigo·

289 3753 383 3812 rem
418 3720 539 3841 legis,
576 3744 790 3842 quatenus
837 3718 1132 3810 manifestaret
1169 3721 1347 3840 quinam
1382 3719 1443 3809 illi
1485 3744 1627 3810 essent
1666 3724 1720 3811 de

291 3871 448 3995 quibus
473 3872 743 3992 loqueretur.
775 3872 843 3960 Ad
874 3870 993 3992 quod
1018 3869 1257 3990 respondit,
1287 3901 1440 3959 omnes
1464 3901 1554 3960 esse
1580 3872 1720 3960 bonos

290 4023 419 4145 hujus
442 4019 583 4140 regni.
621 4026 669 4110 Et
699 4020 958 4110 continuans
979 4050 1105 4109 suum
1128 4018 1320 4139 primum
1342 4021 1631 4141 propositum,
1652 4021 1717 4110 di-

290 4172 395 4262 xit:
434 4175 715 4278 «Quantum
746 4171 800 4259 ad
832 4169 1081 4259 testimonia
1106 4192 1268 4290 spectat
1297 4168 1605 4260 defunctorum
1638 4176 1717 4260 Pa·

289 4346 425 4436 trum,
445 4351 530 4441 ego
555 4350 637 4441 pro
661 4351 758 4410 mea
783 4344 906 4443 parte
928 4319 1070 4409 habeo
1093 4318 1289 4409 Concilia
1311 4321 1546 4439 generalia,
1565 4352 1719 4410 omnes

292 4476 490 4561 Pastores
517 4490 563 4558 et
590 4473 801 4559 Doctores
841 4468 1029 4559 Ecclesia
1063 4467 1137 4590 qui
1170 4465 1349 4557 fuerunt
1381 4498 1406 4557 a
1438 4468 1554 4558 mille
1587 4470 1716 4590 quin-

286 4620 430 4743 gentis
455 4617 593 4734 annis,
620 4619 896 4740 singulariter
921 4650 1026 4710 vero
1052 4644 1221 4710 sanctos
1244 4620 1583 4740 Hieronymum,
1609 4627 1715 4708 Am-

289 4768 498 4884 brosium,
533 4767 847 4889 Augustinum,
883 4771 1163 4890 Gregorium.
1206 4774 1254 4860 Et
1286 4794 1428 4859 certus
1464 4800 1560 4860 sum
1597 4772 1717 4891 quod
