4776 6390
960 1307 1208 1415 CAPUT
1257 1308 1626 1417 OCTAVUM

647 1686 719 1788 De
750 1683 983 1791 Fratribus
1014 1685 1202 1828 reprobis
1228 1727 1330 1794 curn
1358 1686 1479 1795 bonis
1504 1694 1690 1818 sociatis,
1719 1711 1759 1799 et
1784 1731 1937 1800 eorum

1068 1862 1253 1971 terribili
1277 1868 1519 2006 punitione.

831 2827 967 2895 ventu
992 2803 1151 2893 zizania
1183 2835 1275 2893 non
1310 2805 1691 2924 superseminasset
1721 2807 1938 2924 inimicus,
1963 2831 2008 2898 et

833 2954 957 3045 bonis
984 2954 1084 3043 mali
1113 2985 1203 3043 non
1229 2953 1409 3043 admixti
1443 2952 1622 3045 fuissent
1648 2956 1696 3045 in
1727 2956 2006 3049 exercitatio·

577 3136 678 3196 nem
703 3107 923 3197 bonorum
941 3103 1200 3226 (sicutenim
1223 3102 1281 3194 ibi
1300 3126 1425 3193 erant
1448 3104 1574 3194 multi
1592 3105 1713 3222 boni,
1735 3106 1841 3196 boni
1858 3108 2004 3224 valde3

576 3255 636 3346 ita
666 3280 791 3346 erant
829 3255 889 3345 ibi
920 3253 1051 3376 aliqui
1079 3252 1194 3368 mali,
1230 3253 1329 3342 mali
1362 3253 1526 3375 valde);
1556 3276 1601 3345 et
1632 3257 2007 3376 quemadmodum

576 3405 786 3527 piissimus
804 3411 920 3495 Deus
936 3436 1027 3494 non
1049 3401 1225 3492 cessavit
1241 3401 1335 3491 illos
1352 3405 1554 3524 probare,
1569 3405 1689 3526 quasi
1707 3437 1865 3497 aurum
1888 3409 2006 3529 quod

575 3585 655 3676 per
678 3555 826 3674 ignem
852 3553 1021 3668 transit,
1041 3552 1087 3641 in
1105 3553 1271 3643 bonum
1288 3552 1495 3674 ipsorum,
1515 3585 1594 3675 per
1611 3556 2003 3648 accumulationem

577 3703 834 3793 meritorum
851 3726 896 3792 et
911 3701 1132 3824 amplioris
1156 3701 1305 3823 gratiae
1328 3725 1379 3791 ut
1404 3703 1680 3794 ambularent
1698 3705 1752 3794 de
1774 3705 1939 3797 virtute
1959 3707 2003 3798 in

576 3854 814 3945 virtutem:
841 3853 902 3942 ita
930 3876 975 3942 et
1001 3853 1103 3942 istos
1126 3852 1261 3941 malos
1284 3874 1383 3972 post
1407 3853 1562 3941 multas
1585 3853 1835 3946 vocationes
1864 3880 1912 3948 et
1939 3857 2000 3947 di·

577 4034 716 4094 versas
733 4003 1039 4117 correctiones,
1064 4002 1118 4091 ad
1141 4001 1503 4091 innotescendum
1526 4033 1658 4122 quam
1681 4034 1813 4124 grave
1838 4005 2002 4097 crimen

575 4152 630 4245 sit
653 4176 752 4273 post
769 4176 869 4243 vota
887 4175 1137 4268 retractare,
1158 4151 1470 4272 quomodoque
1487 4150 1682 4272 displicet
1705 4152 1784 4244 sibi
1807 4155 1941 4246 stulta
1961 4177 2004 4247 et

574 4301 759 4393 infidelis
780 4301 1023 4423 promissio,
1047 4331 1265 4421 quamque
1289 4299 1539 4390 maledictus
1564 4300 1617 4390 sit
1645 4300 1720 4423 qui
1744 4325 1900 4395 votum
1922 4306 1999 4398 im·

575 4452 711 4541 molat
751 4450 943 4540 Domino
972 4449 1114 4540 debile
1146 4450 1214 4540 vel
1244 4449 1460 4566 claudum,
1496 4451 1809 4572 quomodoque
1852 4454 2002 4547 melius

574 4623 684 4691 esset
709 4631 800 4690 non
830 4631 990 4691 vovere
1015 4631 1147 4721 quam
1177 4622 1277 4720 post
1310 4621 1411 4690 vota
1435 4601 1645 4723 promissa
1678 4634 1772 4695 non
1802 4606 1997 4697 reddere.

489 4872 492 4877 ᾗ
575 4755 677 4841 Non
699 4750 863 4840 habens
880 4750 1057 4840 tandem
1074 4780 1205 4871 super
1220 4782 1310 4871 quo
1325 4773 1576 4873 percuteret
1592 4784 1667 4844 eos
1682 4757 1814 4874 ultra,
1837 4757 1998 4849 adden·

834 2508 904 2594 ED
933 2504 964 2594 si
998 2502 1112 2594 forte
1142 2504 1398 2595 calcitrasset
1431 2506 1658 2628 quispiam,
1687 2539 1852 2598 novum
1887 2507 2008 2598 enim

619 2504 794 3080 S
832 2657 1042 2745 conderet
1074 2660 1189 2745 Deus
1221 2685 1351 2776 super
1384 2677 1546 2746 terram
1577 2656 1611 2746 si
1646 2656 1693 2746 in
1724 2679 1850 2749 tanto
1883 2663 2006 2749 Con·
