<?xml version="1.0" encoding="UTF-8"?>
<!DOCTYPE html PUBLIC "-//W3C//DTD XHTML 1.0 Transitional//EN"
    "http://www.w3.org/TR/xhtml1/DTD/xhtml1-transitional.dtd">
<html xmlns="http://www.w3.org/1999/xhtml" xml:lang="en" lang="en">
 <head>
  <title>
</title>
<meta http-equiv="Content-Type" content="text/html;charset=utf-8" />
  <meta name='ocr-system' content='tesseract 3.04.00' />
  <meta name='ocr-capabilities' content='ocr_page ocr_carea ocr_par ocr_line ocrx_word'/>
</head>
<body>
  <div class='ocr_page' id='page_1' title='image "./historiaaliquot00chaugoog_0067.png"; bbox 0 0 1481 1781; ppageno 0'>
   <div class='ocr_carea' id='block_1_1' title="bbox 626 262 733 275">
    <p class='ocr_par' dir='ltr' id='par_1_1' title="bbox 626 262 733 275">
     <span class='ocr_line' id='line_1_1' title="bbox 626 262 733 275; baseline 0 -5"><span class='ocrx_word' id='word_1_1' title='bbox 626 262 733 275; x_wconf 56' lang='grc'><strong>..2,-</strong></span> 
     </span>
    </p>
   </div>
   <div class='ocr_carea' id='block_1_2' title="bbox 320 307 1037 780">
    <p class='ocr_par' dir='ltr' id='par_1_2' title="bbox 320 307 1037 713">
     <span class='ocr_line' id='line_1_2' title="bbox 321 307 1037 339; baseline -0.001 -8"><span class='ocrx_word' id='word_1_2' title='bbox 321 309 349 331; x_wconf 84' lang='lat' dir='ltr'>ad</span> <span class='ocrx_word' id='word_1_3' title='bbox 359 315 445 339; x_wconf 84' lang='lat' dir='ltr'>patrem</span> <span class='ocrx_word' id='word_1_4' title='bbox 456 309 562 339; x_wconf 83' lang='lat' dir='ltr'>perrupit,</span> <span class='ocrx_word' id='word_1_5' title='bbox 576 308 650 338; x_wconf 85' lang='lat' dir='ltr'>ibique</span> <span class='ocrx_word' id='word_1_6' title='bbox 662 308 742 330; x_wconf 88' lang='lat' dir='ltr'>collum</span> <span class='ocrx_word' id='word_1_7' title='bbox 755 309 803 339; x_wconf 80' lang='lat' dir='ltr'>ejus</span> <span class='ocrx_word' id='word_1_8' title='bbox 814 308 922 338; x_wconf 81' lang='lat' dir='ltr'>amplexa,</span> <span class='ocrx_word' id='word_1_9' title='bbox 933 307 1037 330; x_wconf 79' lang='lat' dir='ltr'>miseran-</span> 
     </span>
     <span class='ocr_line' id='line_1_3' title="bbox 322 345 1037 375; baseline -0.001 -7"><span class='ocrx_word' id='word_1_10' title='bbox 322 347 350 368; x_wconf 87' lang='lat' dir='ltr'>do</span> <span class='ocrx_word' id='word_1_11' title='bbox 367 345 421 368; x_wconf 86' lang='lat' dir='ltr'>fletu</span> <span class='ocrx_word' id='word_1_12' title='bbox 440 354 503 368; x_wconf 82' lang='lat' dir='ltr'>suum</span> <span class='ocrx_word' id='word_1_13' title='bbox 521 351 645 368; x_wconf 83' lang='lat' dir='ltr'>extremum</span> <span class='ocrx_word' id='word_1_14' title='bbox 664 346 764 368; x_wconf 83' lang='lat' dir='ltr'>dolorem</span> <span class='ocrx_word' id='word_1_15' title='bbox 783 351 817 368; x_wconf 83' lang='lat' dir='ltr'>est</span> <span class='ocrx_word' id='word_1_16' title='bbox 832 351 917 368; x_wconf 81' lang='lat' dir='ltr'>testata.</span> <span class='ocrx_word' id='word_1_17' title='bbox 935 347 1037 375; x_wconf 83' lang='lat' dir='ltr'>Cumque</span> 
     </span>
     <span class='ocr_line' id='line_1_4' title="bbox 322 383 1036 414; baseline -0.001 -8"><span class='ocrx_word' id='word_1_18' title='bbox 322 384 384 406; x_wconf 87' lang='lat' dir='ltr'>illum</span> <span class='ocrx_word' id='word_1_19' title='bbox 395 383 521 414; x_wconf 79' lang='lat' dir='ltr'>aliquandiu</span> <span class='ocrx_word' id='word_1_20' title='bbox 532 383 650 406; x_wconf 75' lang='lat' dir='ltr'>arctissime</span> <span class='ocrx_word' id='word_1_21' title='bbox 657 383 826 413; x_wconf 73' lang='lat' dir='ltr'>constringeret,</span> <span class='ocrx_word' id='word_1_22' title='bbox 839 383 915 405; x_wconf 89' lang='lat' dir='ltr'>dolore</span> <span class='ocrx_word' id='word_1_23' title='bbox 920 383 977 405; x_wconf 84' lang='lat' dir='ltr'>viam</span> <span class='ocrx_word' id='word_1_24' title='bbox 988 391 1036 405; x_wconf 86' lang='lat' dir='ltr'>om-</span> 
     </span>
     <span class='ocr_line' id='line_1_5' title="bbox 322 420 1037 451; baseline -0.003 -7"><span class='ocrx_word' id='word_1_25' title='bbox 322 429 373 444; x_wconf 84' lang='lat' dir='ltr'>nem</span> <span class='ocrx_word' id='word_1_26' title='bbox 381 421 439 444; x_wconf 78' lang='lat' dir='ltr'>vocis</span> <span class='ocrx_word' id='word_1_27' title='bbox 451 421 605 451; x_wconf 60' lang='lat' dir='ltr'>praecludente,</span> <span class='ocrx_word' id='word_1_28' title='bbox 617 427 679 451; x_wconf 84' lang='lat' dir='ltr'>pater</span> <span class='ocrx_word' id='word_1_29' title='bbox 691 420 795 451; x_wconf 81' lang='lat' dir='ltr'>permissu</span> <span class='ocrx_word' id='word_1_30' title='bbox 809 420 926 442; x_wconf 77' lang='lat' dir='ltr'>satellitum</span> <span class='ocrx_word' id='word_1_31' title='bbox 934 428 983 442; x_wconf 88' lang='lat' dir='ltr'>eam</span> <span class='ocrx_word' id='word_1_32' title='bbox 995 421 1037 443; x_wconf 91' lang='lat' dir='ltr'>hoc</span> 
     </span>
     <span class='ocr_line' id='line_1_6' title="bbox 322 457 1037 488; baseline -0.001 -7"><span class='ocrx_word' id='word_1_33' title='bbox 322 459 389 481; x_wconf 87' lang='lat' dir='ltr'>modo</span> <span class='ocrx_word' id='word_1_34' title='bbox 400 459 522 481; x_wconf 77' lang='lat' dir='ltr'>consolatus</span> <span class='ocrx_word' id='word_1_35' title='bbox 532 464 565 480; x_wconf 80' lang='lat' dir='ltr'>est</span> <span class='ocrx_word' id='word_1_36' title='bbox 574 467 579 481; x_wconf 76' lang='grc' dir='ltr'>ι</span> <span class='ocrx_word' id='word_1_37' title='bbox 591 467 603 479; x_wconf 85' lang='lat'>‹</span> <span class='ocrx_word' id='word_1_38' title='bbox 613 459 742 488; x_wconf 58' lang='lat' dir='ltr'>Magneta,</span> <span class='ocrx_word' id='word_1_39' title='bbox 753 463 801 480; x_wconf 82' lang='lat' dir='ltr'>esto</span> <span class='ocrx_word' id='word_1_40' title='bbox 810 458 883 480; x_wconf 84' lang='lat' dir='ltr'>animo</span> <span class='ocrx_word' id='word_1_41' title='bbox 893 457 952 487; x_wconf 84' lang='lat' dir='ltr'>forti,</span> <span class='ocrx_word' id='word_1_42' title='bbox 962 465 1003 480; x_wconf 88' lang='lat' dir='ltr'>nec</span> <span class='ocrx_word' id='word_1_43' title='bbox 1015 463 1037 480; x_wconf 78' lang='lat' dir='ltr'>te</span> 
     </span>
     <span class='ocr_line' id='line_1_7' title="bbox 322 495 1036 526; baseline 0 -8"><span class='ocrx_word' id='word_1_44' title='bbox 322 495 431 518; x_wconf 71' lang='lat' dir='ltr'>excrucies</span> <span class='ocrx_word' id='word_1_45' title='bbox 449 495 548 525; x_wconf 75' lang='lat' dir='ltr'>amplius.</span> <span class='ocrx_word' id='word_1_46' title='bbox 568 496 600 518; x_wconf 77' lang='lat' dir='ltr'>lta</span> <span class='ocrx_word' id='word_1_47' title='bbox 617 495 686 518; x_wconf 80' lang='lat' dir='ltr'>visum</span> <span class='ocrx_word' id='word_1_48' title='bbox 705 501 738 518; x_wconf 83' lang='lat' dir='ltr'>est</span> <span class='ocrx_word' id='word_1_49' title='bbox 755 496 810 518; x_wconf 90' lang='lat' dir='ltr'>Deo.</span> <span class='ocrx_word' id='word_1_50' title='bbox 829 495 963 526; x_wconf 78' lang='lat' dir='ltr'>Jampridem</span> <span class='ocrx_word' id='word_1_51' title='bbox 980 495 1036 518; x_wconf 81' lang='lat' dir='ltr'>nosti</span> 
     </span>
     <span class='ocr_line' id='line_1_8' title="bbox 321 532 1036 563; baseline 0 -8"><span class='ocrx_word' id='word_1_52' title='bbox 321 539 404 556; x_wconf 67' lang='lat' dir='ltr'>secreta</span> <span class='ocrx_word' id='word_1_53' title='bbox 414 533 484 555; x_wconf 81' lang='lat' dir='ltr'>cordis</span> <span class='ocrx_word' id='word_1_54' title='bbox 497 533 548 556; x_wconf 85' lang='lat' dir='ltr'>mei.</span> <span class='ocrx_word' id='word_1_55' title='bbox 560 542 571 553; x_wconf 82' lang='grc' dir='ltr'><strong><em>ι</em></strong></span> <span class='ocrx_word' id='word_1_56' title='bbox 585 533 637 555; x_wconf 85' lang='lat' dir='ltr'>Inde</span> <span class='ocrx_word' id='word_1_57' title='bbox 651 539 712 563; x_wconf 84' lang='lat' dir='ltr'>patre</span> <span class='ocrx_word' id='word_1_58' title='bbox 721 533 796 555; x_wconf 86' lang='lat' dir='ltr'>decem</span> <span class='ocrx_word' id='word_1_59' title='bbox 811 538 849 555; x_wconf 86' lang='lat' dir='ltr'>aut</span> <span class='ocrx_word' id='word_1_60' title='bbox 861 532 976 555; x_wconf 85' lang='lat' dir='ltr'>duodecim</span> <span class='ocrx_word' id='word_1_61' title='bbox 988 541 1036 563; x_wconf 80' lang='lat' dir='ltr'>pas-</span> 
     </span>
     <span class='ocr_line' id='line_1_9' title="bbox 321 570 1036 600; baseline -0.001 -7"><span class='ocrx_word' id='word_1_62' title='bbox 321 571 378 593; x_wconf 78' lang='lat' dir='ltr'>sibus</span> <span class='ocrx_word' id='word_1_63' title='bbox 394 571 500 599; x_wconf 80' lang='lat' dir='ltr'>abducto,</span> <span class='ocrx_word' id='word_1_64' title='bbox 517 578 590 593; x_wconf 79' lang='lat' dir='ltr'>rursus</span> <span class='ocrx_word' id='word_1_65' title='bbox 609 570 701 593; x_wconf 80' lang='lat' dir='ltr'>accurrit</span> <span class='ocrx_word' id='word_1_66' title='bbox 720 571 747 592; x_wconf 85' lang='lat' dir='ltr'>ad</span> <span class='ocrx_word' id='word_1_67' title='bbox 766 571 892 600; x_wconf 83' lang='lat' dir='ltr'>amplexum</span> <span class='ocrx_word' id='word_1_68' title='bbox 910 570 984 600; x_wconf 84' lang='lat' dir='ltr'>patris.</span> <span class='ocrx_word' id='word_1_69' title='bbox 1004 570 1036 593; x_wconf 89' lang='lat' dir='ltr'>Ibi</span> 
     </span>
     <span class='ocr_line' id='line_1_10' title="bbox 322 607 1034 638; baseline 0 -8"><span class='ocrx_word' id='word_1_70' title='bbox 322 609 396 631; x_wconf 79' lang='lat' dir='ltr'>Morus</span> <span class='ocrx_word' id='word_1_71' title='bbox 409 608 472 630; x_wconf 82' lang='lat' dir='ltr'>nullis</span> <span class='ocrx_word' id='word_1_72' title='bbox 487 608 567 630; x_wconf 82' lang='lat' dir='ltr'>emissis</span> <span class='ocrx_word' id='word_1_73' title='bbox 582 607 689 638; x_wconf 83' lang='lat' dir='ltr'>lacrymis,</span> <span class='ocrx_word' id='word_1_74' title='bbox 703 608 762 630; x_wconf 81' lang='lat' dir='ltr'>nulla</span> <span class='ocrx_word' id='word_1_75' title='bbox 774 608 846 630; x_wconf 83' lang='lat' dir='ltr'>vultus</span> <span class='ocrx_word' id='word_1_76' title='bbox 861 608 1034 638; x_wconf 79' lang='lat' dir='ltr'>perturbatione,</span> 
     </span>
     <span class='ocr_line' id='line_1_11' title="bbox 320 645 1037 675; baseline 0 -7"><span class='ocrx_word' id='word_1_77' title='bbox 320 646 362 668; x_wconf 85' lang='lat' dir='ltr'>hoc</span> <span class='ocrx_word' id='word_1_78' title='bbox 374 651 461 668; x_wconf 67' lang='lat' dir='ltr'>tantum</span> <span class='ocrx_word' id='word_1_79' title='bbox 472 645 528 668; x_wconf 83' lang='lat' dir='ltr'>dixit</span> <span class='ocrx_word' id='word_1_80' title='bbox 537 653 542 667; x_wconf 73' lang='lat'>2</span> <span class='ocrx_word' id='word_1_81' title='bbox 556 654 568 666; x_wconf 67' lang='grc' dir='ltr'>ι</span> <span class='ocrx_word' id='word_1_82' title='bbox 578 645 638 674; x_wconf 82' lang='lat' dir='ltr'>Vale,</span> <span class='ocrx_word' id='word_1_83' title='bbox 649 651 672 667; x_wconf 89' lang='lat' dir='ltr'>et</span> <span class='ocrx_word' id='word_1_84' title='bbox 681 646 752 668; x_wconf 90' lang='lat' dir='ltr'>Deum</span> <span class='ocrx_word' id='word_1_85' title='bbox 764 653 805 675; x_wconf 89' lang='lat' dir='ltr'>pro</span> <span class='ocrx_word' id='word_1_86' title='bbox 817 646 885 667; x_wconf 84' lang='lat' dir='ltr'>salute</span> <span class='ocrx_word' id='word_1_87' title='bbox 896 645 974 668; x_wconf 78' lang='lat' dir='ltr'>animae</span> <span class='ocrx_word' id='word_1_88' title='bbox 982 653 1037 668; x_wconf 84' lang='lat' dir='ltr'>meae</span> 
     </span>
     <span class='ocr_line' id='line_1_12' title="bbox 320 683 469 713; baseline -0.013 -8"><span class='ocrx_word' id='word_1_89' title='bbox 320 683 445 713; x_wconf 72' lang='lat' dir='ltr'>deprecare.</span> <span class='ocrx_word' id='word_1_90' title='bbox 457 692 469 703; x_wconf 71' lang='grc' dir='ltr'>ι</span> 
     </span>
    </p>

    <p class='ocr_par' dir='ltr' id='par_1_3' title="bbox 320 720 1035 780">
     <span class='ocr_line' id='line_1_13' title="bbox 352 720 1035 750; baseline 0 -8"><span class='ocrx_word' id='word_1_91' title='bbox 352 720 392 743; x_wconf 85' lang='lat' dir='ltr'>Hic</span> <span class='ocrx_word' id='word_1_92' title='bbox 404 720 462 750; x_wconf 88' lang='lat' dir='ltr'>apud</span> <span class='ocrx_word' id='word_1_93' title='bbox 478 728 500 742; x_wconf 85' lang='lat' dir='ltr'>se</span> <span class='ocrx_word' id='word_1_94' title='bbox 516 720 606 750; x_wconf 78' lang='lat' dir='ltr'>quisque</span> <span class='ocrx_word' id='word_1_95' title='bbox 622 725 710 750; x_wconf 88' lang='lat' dir='ltr'>reputet</span> <span class='ocrx_word' id='word_1_96' title='bbox 723 728 788 750; x_wconf 85' lang='lat' dir='ltr'>quam</span> <span class='ocrx_word' id='word_1_97' title='bbox 804 720 875 742; x_wconf 87' lang='lat' dir='ltr'>valido</span> <span class='ocrx_word' id='word_1_98' title='bbox 888 720 974 750; x_wconf 80' lang='lat' dir='ltr'>pietatis</span> <span class='ocrx_word' id='word_1_99' title='bbox 986 729 1035 743; x_wconf 88' lang='lat' dir='ltr'>mu-</span> 
     </span>
     <span class='ocr_line' id='line_1_14' title="bbox 320 757 692 780; baseline 0 0"><span class='ocrx_word' id='word_1_100' title='bbox 320 765 387 780; x_wconf 87' lang='lat' dir='ltr'>crone</span> <span class='ocrx_word' id='word_1_101' title='bbox 399 757 526 780; x_wconf 74' lang='lat' dir='ltr'>transfixum</span> <span class='ocrx_word' id='word_1_102' title='bbox 541 757 568 780; x_wconf 81' lang='lat' dir='ltr'>sit</span> <span class='ocrx_word' id='word_1_103' title='bbox 579 765 618 780; x_wconf 87' lang='lat' dir='ltr'>cor</span> <span class='ocrx_word' id='word_1_104' title='bbox 629 757 692 780; x_wconf 90' lang='lat' dir='ltr'>Mori.</span> 
     </span>
    </p>
   </div>
   <div class='ocr_carea' id='block_1_3' title="bbox 318 829 1035 1159">
    <p class='ocr_par' dir='ltr' id='par_1_4' title="bbox 318 829 1035 1159">
     <span class='ocr_line' id='line_1_15' title="bbox 353 829 1035 861; baseline 0.001 -8"><span class='ocrx_word' id='word_1_105' title='bbox 353 831 405 853; x_wconf 78' lang='lat' dir='ltr'>Inde</span> <span class='ocrx_word' id='word_1_106' title='bbox 417 830 510 860; x_wconf 73' lang='lat' dir='ltr'>septimo</span> <span class='ocrx_word' id='word_1_107' title='bbox 522 830 557 852; x_wconf 91' lang='lat' dir='ltr'>die</span> <span class='ocrx_word' id='word_1_108' title='bbox 571 830 629 859; x_wconf 81' lang='lat' dir='ltr'>Julii,</span> <span class='ocrx_word' id='word_1_109' title='bbox 644 829 685 853; x_wconf 84' lang='lat' dir='ltr'>fuit</span> <span class='ocrx_word' id='word_1_110' title='bbox 700 830 770 860; x_wconf 85' lang='lat' dir='ltr'>capite</span> <span class='ocrx_word' id='word_1_111' title='bbox 786 835 900 853; x_wconf 79' lang='lat' dir='ltr'>truncatus</span> <span class='ocrx_word' id='word_1_112' title='bbox 916 830 939 853; x_wconf 86' lang='lat' dir='ltr'>in</span> <span class='ocrx_word' id='word_1_113' title='bbox 954 839 1035 861; x_wconf 81' lang='lat' dir='ltr'>magno</span> 
     </span>
     <span class='ocr_line' id='line_1_16' title="bbox 320 867 1035 898; baseline 0.001 -8"><span class='ocrx_word' id='word_1_114' title='bbox 320 875 398 898; x_wconf 71' lang='lat' dir='ltr'>campo</span> <span class='ocrx_word' id='word_1_115' title='bbox 408 867 446 898; x_wconf 82' lang='lat' dir='ltr'>qui</span> <span class='ocrx_word' id='word_1_116' title='bbox 459 873 492 890; x_wconf 79' lang='lat' dir='ltr'>est</span> <span class='ocrx_word' id='word_1_117' title='bbox 506 873 557 890; x_wconf 83' lang='lat' dir='ltr'>ante</span> <span class='ocrx_word' id='word_1_118' title='bbox 569 867 665 897; x_wconf 84' lang='lat' dir='ltr'>Regiam.</span> <span class='ocrx_word' id='word_1_119' title='bbox 678 869 709 890; x_wconf 88' lang='lat' dir='ltr'>Ac</span> <span class='ocrx_word' id='word_1_120' title='bbox 717 875 793 897; x_wconf 78' lang='lat' dir='ltr'>pauca,</span> <span class='ocrx_word' id='word_1_121' title='bbox 804 867 930 898; x_wconf 83' lang='lat' dir='ltr'>priusquam</span> <span class='ocrx_word' id='word_1_122' title='bbox 941 869 1035 891; x_wconf 88' lang='lat' dir='ltr'>obtrun-</span> 
     </span>
     <span class='ocr_line' id='line_1_17' title="bbox 319 904 1034 935; baseline 0.003 -8"><span class='ocrx_word' id='word_1_123' title='bbox 319 911 416 933; x_wconf 74' lang='lat' dir='ltr'>caretur,</span> <span class='ocrx_word' id='word_1_124' title='bbox 431 904 573 935; x_wconf 81' lang='lat' dir='ltr'>loquebatur,</span> <span class='ocrx_word' id='word_1_125' title='bbox 589 905 743 928; x_wconf 72' lang='lat' dir='ltr'>tantummodo</span> <span class='ocrx_word' id='word_1_126' title='bbox 760 913 841 935; x_wconf 78' lang='lat' dir='ltr'>rogans</span> <span class='ocrx_word' id='word_1_127' title='bbox 859 905 1034 929; x_wconf 79' lang='lat' dir='ltr'>circumstantem</span> 
     </span>
     <span class='ocr_line' id='line_1_18' title="bbox 319 942 1034 973; baseline 0.003 -9"><span class='ocrx_word' id='word_1_128' title='bbox 319 942 482 965; x_wconf 83' lang='lat' dir='ltr'>multitudinem</span> <span class='ocrx_word' id='word_1_129' title='bbox 494 947 520 964; x_wconf 83' lang='lat' dir='ltr'>ut</span> <span class='ocrx_word' id='word_1_130' title='bbox 531 949 572 972; x_wconf 88' lang='lat' dir='ltr'>pro</span> <span class='ocrx_word' id='word_1_131' title='bbox 584 949 612 964; x_wconf 87' lang='lat' dir='ltr'>eo</span> <span class='ocrx_word' id='word_1_132' title='bbox 624 948 714 965; x_wconf 85' lang='lat' dir='ltr'>orarent</span> <span class='ocrx_word' id='word_1_133' title='bbox 725 942 749 965; x_wconf 85' lang='lat' dir='ltr'>in</span> <span class='ocrx_word' id='word_1_134' title='bbox 760 942 801 965; x_wconf 71' lang='lat' dir='ltr'>hac</span> <span class='ocrx_word' id='word_1_135' title='bbox 816 943 866 972; x_wconf 73' lang='lat' dir='ltr'>vita,</span> <span class='ocrx_word' id='word_1_136' title='bbox 884 943 929 973; x_wconf 80' lang='lat' dir='ltr'>ipse</span> <span class='ocrx_word' id='word_1_137' title='bbox 944 943 1034 966; x_wconf 74' lang='lat' dir='ltr'>vicissim</span> 
     </span>
     <span class='ocr_line' id='line_1_19' title="bbox 319 979 1035 1009; baseline 0.003 -7"><span class='ocrx_word' id='word_1_138' title='bbox 319 980 342 1002; x_wconf 85' lang='lat' dir='ltr'>in</span> <span class='ocrx_word' id='word_1_139' title='bbox 354 980 395 1002; x_wconf 79' lang='lat' dir='ltr'>alia</span> <span class='ocrx_word' id='word_1_140' title='bbox 407 979 451 1002; x_wconf 78' lang='lat' dir='ltr'>vita</span> <span class='ocrx_word' id='word_1_141' title='bbox 463 979 608 1002; x_wconf 80' lang='lat' dir='ltr'>intercederet</span> <span class='ocrx_word' id='word_1_142' title='bbox 624 987 665 1009; x_wconf 86' lang='lat' dir='ltr'>pro</span> <span class='ocrx_word' id='word_1_143' title='bbox 679 979 727 1002; x_wconf 84' lang='lat' dir='ltr'>illis.</span> <span class='ocrx_word' id='word_1_144' title='bbox 745 981 853 1003; x_wconf 74' lang='lat' dir='ltr'>Praeterea</span> <span class='ocrx_word' id='word_1_145' title='bbox 867 980 916 1003; x_wconf 83' lang='lat' dir='ltr'>illos</span> <span class='ocrx_word' id='word_1_146' title='bbox 928 981 1035 1005; x_wconf 80' lang='lat' dir='ltr'>ardentis-</span> 
     </span>
     <span class='ocr_line' id='line_1_20' title="bbox 319 1017 1033 1048; baseline 0.003 -9"><span class='ocrx_word' id='word_1_147' title='bbox 319 1017 372 1040; x_wconf 82' lang='lat' dir='ltr'>sime</span> <span class='ocrx_word' id='word_1_148' title='bbox 387 1017 517 1040; x_wconf 84' lang='lat' dir='ltr'>hortabatur</span> <span class='ocrx_word' id='word_1_149' title='bbox 533 1022 557 1039; x_wconf 87' lang='lat' dir='ltr'>ut</span> <span class='ocrx_word' id='word_1_150' title='bbox 575 1018 647 1039; x_wconf 82' lang='lat' dir='ltr'>Deum</span> <span class='ocrx_word' id='word_1_151' title='bbox 663 1025 704 1047; x_wconf 87' lang='lat' dir='ltr'>pro</span> <span class='ocrx_word' id='word_1_152' title='bbox 721 1019 779 1048; x_wconf 85' lang='lat' dir='ltr'>Rege</span> <span class='ocrx_word' id='word_1_153' title='bbox 796 1025 837 1040; x_wconf 82' lang='lat' dir='ltr'>suo</span> <span class='ocrx_word' id='word_1_154' title='bbox 854 1018 1033 1048; x_wconf 79' lang='lat' dir='ltr'>deprecarentur,</span> 
     </span>
     <span class='ocr_line' id='line_1_21' title="bbox 318 1054 1033 1085; baseline 0 -7"><span class='ocrx_word' id='word_1_155' title='bbox 318 1060 426 1085; x_wconf 78' lang='lat' dir='ltr'>quatenus</span> <span class='ocrx_word' id='word_1_156' title='bbox 433 1054 464 1077; x_wconf 85' lang='lat' dir='ltr'>illi</span> <span class='ocrx_word' id='word_1_157' title='bbox 470 1055 522 1076; x_wconf 85' lang='lat' dir='ltr'>dare</span> <span class='ocrx_word' id='word_1_158' title='bbox 529 1054 581 1077; x_wconf 85' lang='lat' dir='ltr'>velit</span> <span class='ocrx_word' id='word_1_159' title='bbox 589 1060 673 1077; x_wconf 86' lang='lat' dir='ltr'>rectum</span> <span class='ocrx_word' id='word_1_160' title='bbox 682 1055 794 1078; x_wconf 83' lang='lat' dir='ltr'>consilium</span> <span class='ocrx_word' id='word_1_161' title='bbox 805 1061 829 1078; x_wconf 86' lang='lat' dir='ltr'>et</span> <span class='ocrx_word' id='word_1_162' title='bbox 836 1061 934 1078; x_wconf 84' lang='lat' dir='ltr'>mentem</span> <span class='ocrx_word' id='word_1_163' title='bbox 942 1056 1033 1085; x_wconf 76' lang='lat' dir='ltr'>bonai-113</span> 
     </span>
     <span class='ocr_line' id='line_1_22' title="bbox 319 1092 1035 1124; baseline 0.003 -10"><span class='ocrx_word' id='word_1_164' title='bbox 319 1093 389 1123; x_wconf 78' lang='lat' dir='ltr'>palam</span> <span class='ocrx_word' id='word_1_165' title='bbox 399 1097 522 1122; x_wconf 74' lang='lat' dir='ltr'>protestans</span> <span class='ocrx_word' id='word_1_166' title='bbox 533 1099 555 1114; x_wconf 87' lang='lat' dir='ltr'>se</span> <span class='ocrx_word' id='word_1_167' title='bbox 567 1092 623 1114; x_wconf 87' lang='lat' dir='ltr'>mori</span> <span class='ocrx_word' id='word_1_168' title='bbox 628 1093 674 1122; x_wconf 78' lang='lat' dir='ltr'>ejus</span> <span class='ocrx_word' id='word_1_169' title='bbox 686 1092 773 1115; x_wconf 84' lang='lat' dir='ltr'>fidelem</span> <span class='ocrx_word' id='word_1_170' title='bbox 785 1092 917 1122; x_wconf 83' lang='lat' dir='ltr'>ministrum,</span> <span class='ocrx_word' id='word_1_171' title='bbox 928 1092 951 1115; x_wconf 88' lang='lat' dir='ltr'>in</span> <span class='ocrx_word' id='word_1_172' title='bbox 959 1093 1035 1124; x_wconf 80' lang='lat' dir='ltr'>primis</span> 
     </span>
     <span class='ocr_line' id='line_1_23' title="bbox 318 1129 620 1159; baseline 0 -7"><span class='ocrx_word' id='word_1_173' title='bbox 318 1135 393 1152; x_wconf 74' lang='lat' dir='ltr'>tamen</span> <span class='ocrx_word' id='word_1_174' title='bbox 406 1129 446 1152; x_wconf 85' lang='lat' dir='ltr'>Dei</span> <span class='ocrx_word' id='word_1_175' title='bbox 458 1129 620 1159; x_wconf 82' lang='lat' dir='ltr'>omnipotentis.</span> 
     </span>
    </p>
   </div>
  </div>
 </body>
</html>
