4776 6390
535 1488 593 1542 Hic
617 1487 741 1540 diabolus

472 1549 741 1624 perhancvirumlo·

476 1623 552 1665 catus
583 1619 639 1676 ert,
668 1617 739 1663 sicut

475 1676 539 1728 olim
579 1689 610 1726 er
633 1689 740 1740 serpen·

475 1744 528 1790 tem
578 1751 638 1789 vam
660 1736 739 1788 sedu-

474 1800 528 1851 xit.

506 2846 647 2910 Ps.1.xvu,
662 2845 687 2898 6.

507 3602 585 3654 Eccl.
603 3616 639 3667 ιν,
656 3617 696 3654 ra.

1359 683 1601 762 ..114-

765 867 1086 959 restrinxerunt
1115 866 1338 958 audaciam
1374 891 1422 959 et
1456 868 1744 959 constantiam
1776 872 1988 992 juvenum
2020 890 2200 960 nostro·

765 1048 881 1133 rum,
907 1018 987 1107 hac
1012 1017 1290 1109 solummodo
1321 1017 1563 1112 occasione.
1593 1024 1830 1139 Supremus
1854 1049 2046 1139 namque
2074 1024 2201 1110 Con-

765 1165 901 1258 fessor
926 1199 974 1259 ac
999 1174 1156 1259 Rector
1178 1166 1290 1258 illius
1315 1174 1587 1284 Conventus,
1613 1168 1660 1258 in
1689 1190 1891 1257 extremo
1915 1167 2069 1259 mortis
2093 1167 2200 1260 arti·

767 1320 865 1411 culo
897 1318 1156 1410 constitutus
1191 1342 1300 1435 erat,
1329 1342 1530 1440 tempore
1562 1320 1719 1409 eodem
1751 1351 1840 1440 quo
1866 1323 2031 1410 Fratres
2060 1318 2202 1409 nostri

767 1468 874 1560 inibi
899 1469 1181 1584 exstiterunt;
1206 1468 1281 1589 qui
1304 1500 1548 1560 convocans
1571 1501 1647 1560 eos
1667 1469 1723 1559 ad
1747 1499 1808 1585 se,
1827 1466 1889 1558 ait
1913 1502 1922 1560 :
1954 1505 1978 1553 «
2000 1470 2203 1561 Obsecro

766 1651 858 1735 vos,
893 1617 1187 1739 benignissimi
1224 1623 1404 1735 Fratres,
1439 1641 1491 1709 ut
1520 1618 1627 1708 mihi
1659 1617 1911 1740 ignoscatis3
1953 1650 2038 1739 ego
2080 1617 2201 1708 enim

767 1801 863 1859 sum
900 1799 1000 1858 reus
1040 1791 1085 1858 et
1124 1798 1248 1858 causa
1286 1767 1437 1858 mortis
1477 1767 1718 1859 Reverendi
1758 1766 1894 1857 Patris
1930 1767 2078 1884 vestri,
2114 1797 2204 1888 ego

767 1916 954 2008 animavi
987 1947 1090 2006 eum
1129 1917 1182 2005 ad
1214 1939 1406 2037 coeptum
1441 1915 1715 2038 propositum
1752 1916 1905 2008 mortis
1944 1918 2201 2034 subeundae,

767 2097 848 2188 pro
874 2097 998 2157 causa
1022 2097 1109 2186 qua
1131 2088 1176 2155 et
1198 2064 1289 2187 ipse
1313 2096 1456 2186 passus
1483 2064 1581 2182 firit,
1606 2088 1651 2155 et
1674 2097 1751 2156 vos
1774 2067 1861 2157 huc
1882 2066 2058 2157 adducti
2081 2065 2200 2157 estis.

768 2219 901 2308 Modo
920 2239 1068 2307 tamen
1084 2214 1203 2306 aliud
1217 2215 1293 2306 inii
1315 2216 1557 2332 consilium,
1578 2239 1624 2306 et
1639 2217 1975 2307 convenientem
1993 2248 2087 2307 non
2103 2214 2204 2306 fore

767 2398 937 2459 causam
959 2366 1077 2456 illam
1102 2366 1254 2456 mortis
1277 2366 1512 2456 subeundae
1534 2365 1802 2487 perspicio.»
1831 2366 2003 2475 Quibus
2020 2365 2200 2482 auditis,

766 2516 898 2638 aliqui
923 2548 979 2605 ex
1002 2515 1183 2631 Nostris,
1205 2515 1324 2637 quasi
1350 2515 1442 2605 seni
1466 2547 1514 2605 ac
1529 2514 1661 2639 judici
1678 2515 1828 2637 populi
1852 2515 1967 2606 etin
1991 2515 2204 2608 extremis

766 2665 939 2792 jacenti,
978 2665 1257 2757 crediderunt
1284 2665 1340 2755 ei.
1375 2666 1460 2754 Sed
1491 2671 1684 2755 Domum
1715 2667 1895 2755 reversis
1925 2665 2202 2756 renitebatur

767 2815 1043 2932 conscientia,
1077 2838 1409 2936 renueruntque
1441 2837 1546 2905 tunc
1578 2815 1757 2906 obedire
1789 2815 1885 2906 voci
1916 2814 2196 2906 incantantis.

768 2967 904 3076 Quod
927 2965 1091 3056 domini
1119 2964 1244 3086 Regis
1268 2964 1514 3055 Consiliarii
1531 2965 1744 3081 videntes,
1765 2965 1885 3086 quasi
1909 2964 2074 3085 sagittis
2097 2995 2199 3086 par·

766 3117 967 3208 vulorum
995 3114 1171 3236 plagati,
1198 3113 1308 3205 versi
1342 3138 1444 3205 sunt
1476 3114 1523 3205 in
1554 3114 1712 3205 furiam
1739 3138 1785 3204 et
1814 3121 1980 3205 Domus
2006 3113 2200 3206 eversio-

768 3297 871 3356 nem
894 3264 1146 3355 comminati
1163 3287 1279 3380 sunt,
1300 3264 1380 3354 nisi
1406 3264 1719 3355 consentirent.
1747 3265 1997 3355 Noluerunt
2021 3295 2104 3385 per
2119 3265 2201 3354 hos

768 3440 856 3507 tres
877 3446 1015 3504 annos
1036 3413 1212 3503 mittere
1229 3413 1275 3503 in
1291 3446 1365 3504 eos
1383 3446 1536 3505 manus
1553 3413 1722 3530 mortis,
1744 3414 1952 3535 quamdiu
1967 3415 2029 3504 ita
2044 3446 2201 3506 omnes

769 3565 945 3657 adunati
975 3563 1168 3655 fuerunt.
1205 3564 1381 3686 Triplex
1423 3562 1640 3655 funiculus
1680 3594 1772 3654 non
1805 3560 1928 3652 facile
1962 3562 2197 3685 rumpitur.

771 3723 865 3807 Hoc
882 3746 1059 3837 quoque
1076 3713 1329 3836 praedictum
1348 3736 1442 3804 erat
1465 3713 1591 3805 nobis
1616 3745 1641 3804 a
1664 3714 1758 3805 viro
1776 3711 1945 3802 eximiae
1962 3713 2201 3805 sanctitatis

768 3865 815 3955 in
834 3872 977 3956 Domo
993 3888 1157 3980 nostra,
1178 3864 1253 3984 qui
1278 3863 1548 3954 moriebatur
1577 3863 1652 3954 diu
1680 3886 1782 3953 ante
1807 3864 1893 3953 hoc
1918 3885 2109 3984 tempus,
2131 3861 2202 3954 cui

770 4041 864 4107 tum
882 4015 1160 4137 omnipotens
1184 4020 1300 4104 Deus
1326 4045 1376 4104 ea
1399 4045 1496 4134 quae
1519 4036 1771 4134 pateremur
1795 4011 1842 4102 in
1862 4011 2045 4103 veritate
2072 4043 2200 4104 reve·

769 4167 945 4257 laverat.
961 4164 1052 4273 Qui
1062 4163 1204 4254 dicere
1222 4161 1347 4254 nobis
1363 4162 1610 4254 consuevit:
1632 4201 1655 4247 α
1669 4162 1816 4253 Nolite
1824 4162 1996 4278 terreri,
2012 4168 2198 4280 Fratres,

770 4316 858 4408 sitis
882 4313 1109 4407 unanimes
1132 4312 1179 4402 in
1198 4320 1342 4403 Domo
1364 4336 1410 4402 et
1432 4313 1479 4401 in
1504 4313 1696 4403 Domino
1716 4346 1727 4428 ;
1751 4343 1977 4433 nunquam
1994 4312 2199 4404 domina-

770 4468 935 4558 buntur
951 4465 1072 4558 vobis
1087 4462 1250 4554 inimici
1267 4461 1396 4552 vestri
1412 4462 1552 4552 donec
1570 4461 1866 4553 dissentieritis
1879 4462 1934 4554 ab
1947 4461 2152 4554 invicem.
2172 4499 2197 4548 s

771 4622 942 4706 Horum
980 4615 1216 4706 verborum
1253 4612 1483 4706 veritatem
1527 4616 1616 4736 jam
1660 4611 1978 4704 evidentissime
2024 4611 2198 4733 experti

769 4764 943 4856 fuimus.
