1481 1781
597 256 705 277 —55—

293 308 334 332 Dei
345 309 422 340 plenus
437 309 514 338 oravit,
529 315 554 332 ut
567 309 594 332 de
612 309 772 331 necessitatibus
788 315 813 332 et
827 309 953 339 indigentiis
965 309 1010 332 istis

291 345 440 377 corporalibus
459 352 547 369 erueret
563 354 614 369 eum
635 346 749 375 Dominus,
763 354 791 369 ne
809 346 864 369 adeo
882 346 1010 377 frequenter

291 383 436 414 impediretur
447 391 486 414 per
499 391 525 406 ea
540 391 552 405 a
566 384 750 414 contemplatione
762 384 842 407 divina.
859 386 889 406 At
900 384 1010 407 modernis

292 420 428 451 temporibus
447 421 546 443 „Iordanis
564 429 661 443 reversus
680 427 712 443 est
731 426 860 449 retrorsum,
877 429 927 444 cum
946 422 1009 444 multi

293 458 394 489 Religiosi
413 466 493 488 magno
509 458 629 481 afficiantur
646 458 718 487 taedio,
737 459 826 488 quando
844 458 899 481 circa
916 466 971 481 vana
988 464 1010 481 et

292 502 384 518 externa
396 496 471 518 solatia
483 503 528 518 non
541 501 662 524 versantur,
677 502 699 518 et
715 504 769 526 opus
782 495 823 518 Dei
835 504 881 518 non
893 496 1010 526 respiciunt

292 541 334 555 nec
346 541 413 563 opera
425 541 530 555 manuum
546 534 592 563 ejus
607 533 751 555 considerant.
767 535 819 555 Haec
831 541 877 556 non
889 539 922 556 est
933 541 1009 555 mona-

292 570 344 593 stica
354 570 406 599 vita,
417 571 507 599 frames,
517 578 557 593 nec
565 570 720 593 adminiculum
733 570 850 600 spiritualis
862 570 973 601 profectus
987 576 1010 593 et

291 607 446 636 aedificationis,
456 613 482 629 ut
489 607 552 637 adipe
560 613 582 629 et
589 607 722 637 pinguedine
734 607 807 630 divina
820 608 930 638 repleatur
938 608 1011 630 anima

293 650 377 673 nostra;
392 645 491 675 quinimo
499 644 643 667 crassitudinis
655 645 744 673 ventris,
754 653 822 675 quem
835 646 892 668 Deus
904 645 1008 674 destruet,

292 688 316 705 et
326 688 430 705 extremae
443 682 581 704 desolationis
593 682 680 712 signum
692 688 731 711 est,
741 688 837 705 testante
851 683 959 713 Propheta
972 682 1009 713 qui

293 720 345 743 dicit
355 728 360 742 :
370 719 482 747 Quoniam
491 727 537 742 non
545 719 701 742 intellexerunt
709 727 776 750 opera
785 720 883 748 Domini,
894 728 934 742 nec
942 727 1009 750 opera

293 765 399 780 manuum
410 758 456 787 ejus
467 756 616 785 considerant;
629 757 725 779 destrues
734 757 789 785 illos,
801 763 824 779 et
832 765 879 780 non
886 757 1007 780 aedifieabis.

294 794 388 825 Populus
400 794 460 816 enim
468 794 505 824 qui
517 794 604 824 ignorat
615 795 693 823 Deum,
704 794 759 816 sedit
770 795 894 822 comedere,
904 794 979 817 bibere
988 800 1010 816 et

292 832 396 855 dormire.
408 833 458 854 Non
470 832 524 854 sicut
535 832 635 862 populus,
645 831 674 854 sic
686 837 709 854 et
721 832 943 862 sacerdos,praecipue
955 833 1009 854 Car-

293 869 397 898 tusianus,
405 870 464 900 cujus
477 875 509 892 est
514 869 696 892 excellentissimae
707 875 730 892 et
738 869 899 900 perfectissimae
908 869 957 892 vitae
968 869 1010 892 iter

294 907 390 937 aggredi,
401 915 429 929 ne
437 907 564 937 adaequetur
571 906 590 929 ei
600 906 623 929 in
631 914 695 937 poena
702 907 736 929 cui
749 907 879 930 assimilatur
888 907 911 930 in
919 908 988 937 culpa.
996 916 1008 928 ι

326 946 368 967 Per
377 945 423 967 haec
433 950 456 967 et
466 945 536 967 multa
546 944 586 967 alia
598 944 681 973 similia,
691 944 796 967 incitabat
812 952 849 967 eos
865 944 949 975 prolixe
965 950 1009 967 tra-

294 982 346 1005 here
358 988 446 1005 cantum
461 982 484 1004 in
499 981 593 1004 ecclesia.
611 982 678 1004 Etiam
693 982 810 1012 aliquando
826 988 927 1012 tempore
943 982 1010 1005 divini

294 1019 375 1048 Officii,
385 1019 486 1042 veniebat
499 1027 512 1041 a
526 1020 576 1042 sede
593 1027 630 1042 sua
647 1020 674 1041 ad
691 1021 807 1047 Cantores,
824 1027 916 1042 monens
933 1027 970 1041 eos
985 1026 1011 1042 ut

293 1056 372 1079 lentius
384 1062 505 1079 cantarent.
518 1057 539 1079 Si
551 1057 644 1079 audisset
656 1065 693 1079 eos
705 1057 778 1087 tepida
787 1057 822 1079 vel
834 1057 877 1079 ima
889 1065 942 1079 voce
955 1058 1009 1087 psal-

293 1094 346 1123 lere,
360 1094 445 1117 dicebat
460 1102 482 1116 se
497 1094 574 1117 timere
591 1102 619 1116 ne
637 1102 699 1117 amor
715 1094 754 1117 Dei
771 1094 794 1116 in
812 1094 913 1117 cordibus
933 1102 1010 1117 eorum

293 1137 422 1162 tepesceret3
437 1137 460 1154 et
476 1131 530 1154 sicut
544 1131 616 1162 tepide
633 1137 756 1160 cantarent,
770 1132 802 1154 ita
816 1138 838 1154 et
853 1132 925 1162 tepide
939 1133 1009 1154 Deum

293 1168 416 1199 diligerent,
426 1177 478 1191 mox
492 1169 519 1191 de
530 1177 569 1191 ore
582 1169 622 1191 Dei
634 1174 725 1199 propter
733 1169 872 1199 tepiditatem
884 1177 944 1191 suam
957 1177 1009 1191 evo-

293 1206 375 1229 mendi.
391 1207 532 1237 Rogabatque
544 1214 581 1229 eos
593 1212 618 1229 ut
630 1214 676 1228 non
688 1206 850 1237 distinguerent
862 1206 907 1229 dies
919 1212 942 1229 et
953 1212 1009 1228 tem-

293 1251 355 1274 pora,
375 1244 442 1267 modo
461 1245 521 1267 basse
544 1244 588 1266 sive
607 1244 718 1273 submisse,
740 1244 808 1266 modo
827 1244 870 1266 alte
892 1244 1008 1266 cantando.

293 1291 306 1302 ι
316 1281 382 1310 Sicut,
396 1281 474 1312 inquit,
484 1289 530 1304 non
542 1287 574 1303 est
587 1287 673 1312 tempus
685 1281 819 1311 praefinitum
831 1289 843 1303 a
857 1283 919 1303 Patre
932 1287 1009 1304 nostro

1038 429 1062 442 Pu.
1069 433 1106 444 mn.
1113 429 1126 441 Ξ,

1038 730 1061 743 μ’,
1070 734 1110 746 nvn,
1118 730 1129 743 s.

1038 800 1085 814 ism.
1093 804 1134 817 mn,
1141 801 1154 813 ε.

1039 953 1123 966 eonor-ntur
1130 953 1157 966 Ιι-ι·

1024 972 1052 982 xre:
1056 971 1072 981 ux
1076 969 1123 981 κάιιι
1126 972 1157 981 enn-

1024 988 1053 997 rent
1061 985 1074 997 in
1082 984 1144 997 “eleni-⁴
