<?xml version="1.0" encoding="UTF-8"?>
<!DOCTYPE html PUBLIC "-//W3C//DTD XHTML 1.0 Transitional//EN"
    "http://www.w3.org/TR/xhtml1/DTD/xhtml1-transitional.dtd">
<html xmlns="http://www.w3.org/1999/xhtml" xml:lang="en" lang="en">
 <head>
  <title>
</title>
<meta http-equiv="Content-Type" content="text/html;charset=utf-8" />
  <meta name='ocr-system' content='tesseract 3.04.00' />
  <meta name='ocr-capabilities' content='ocr_page ocr_carea ocr_par ocr_line ocrx_word'/>
</head>
<body>
  <div class='ocr_page' id='page_1' title='image "./historiaaliquot00chaugoog_0132.png"; bbox 0 0 4776 6390; ppageno 0'>
   <div class='ocr_carea' id='block_1_1' title="bbox 1361 688 1606 744">
    <p class='ocr_par' dir='ltr' id='par_1_1' title="bbox 1361 688 1606 744">
     <span class='ocr_line' id='line_1_1' title="bbox 1361 688 1606 744; baseline 0.008 -2"><span class='ocrx_word' id='word_1_1' title='bbox 1361 688 1606 744; x_wconf 84' lang='lat'>-102—</span> 
     </span>
    </p>
   </div>
   <div class='ocr_carea' id='block_1_2' title="bbox 474 871 2198 4738">
    <p class='ocr_par' dir='ltr' id='par_1_2' title="bbox 568 871 2198 2043">
     <span class='ocr_line' id='line_1_2' title="bbox 765 871 2193 996; baseline 0.002 -35"><span class='ocrx_word' id='word_1_2' title='bbox 765 871 866 961; x_wconf 89' lang='lat' dir='ltr'>data</span> <span class='ocrx_word' id='word_1_3' title='bbox 886 894 952 962; x_wconf 95' lang='lat' dir='ltr'>est</span> <span class='ocrx_word' id='word_1_4' title='bbox 975 901 1001 961; x_wconf 92' lang='lat' dir='ltr'>a</span> <span class='ocrx_word' id='word_1_5' title='bbox 1024 871 1237 994; x_wconf 85' lang='lat' dir='ltr'>judicibus</span> <span class='ocrx_word' id='word_1_6' title='bbox 1260 873 1476 962; x_wconf 84' lang='lat' dir='ltr'>sententia</span> <span class='ocrx_word' id='word_1_7' title='bbox 1498 872 1651 964; x_wconf 89' lang='lat' dir='ltr'>mortis</span> <span class='ocrx_word' id='word_1_8' title='bbox 1676 905 1806 996; x_wconf 89' lang='lat' dir='ltr'>super</span> <span class='ocrx_word' id='word_1_9' title='bbox 1834 880 1981 963; x_wconf 88' lang='lat' dir='ltr'>Patres</span> <span class='ocrx_word' id='word_1_10' title='bbox 2005 895 2193 990; x_wconf 84' lang='lat' dir='ltr'>nostros,</span> 
     </span>
     <span class='ocr_line' id='line_1_3' title="bbox 764 1021 2195 1146; baseline 0.002 -36"><span class='ocrx_word' id='word_1_11' title='bbox 764 1025 859 1145; x_wconf 88' lang='lat' dir='ltr'>ejus</span> <span class='ocrx_word' id='word_1_12' title='bbox 882 1021 1042 1111; x_wconf 84' lang='lat' dir='ltr'>scilicet</span> <span class='ocrx_word' id='word_1_13' title='bbox 1072 1053 1168 1143; x_wconf 88' lang='lat' dir='ltr'>quae</span> <span class='ocrx_word' id='word_1_14' title='bbox 1191 1021 1238 1112; x_wconf 92' lang='lat' dir='ltr'>in</span> <span class='ocrx_word' id='word_1_15' title='bbox 1263 1052 1361 1112; x_wconf 88' lang='lat' dir='ltr'>reos</span> <span class='ocrx_word' id='word_1_16' title='bbox 1385 1021 1573 1113; x_wconf 89' lang='lat' dir='ltr'>criminis</span> <span class='ocrx_word' id='word_1_17' title='bbox 1590 1023 1697 1113; x_wconf 86' lang='lat' dir='ltr'>laesae</span> <span class='ocrx_word' id='word_1_18' title='bbox 1721 1022 1956 1146; x_wconf 88' lang='lat' dir='ltr'>majestatis</span> <span class='ocrx_word' id='word_1_19' title='bbox 1972 1021 2067 1112; x_wconf 88' lang='lat' dir='ltr'>dari</span> <span class='ocrx_word' id='word_1_20' title='bbox 2089 1054 2195 1114; x_wconf 92' lang='lat' dir='ltr'>con·</span> 
     </span>
     <span class='ocr_line' id='line_1_4' title="bbox 765 1169 2198 1296; baseline 0.001 -35"><span class='ocrx_word' id='word_1_21' title='bbox 765 1169 905 1261; x_wconf 90' lang='lat' dir='ltr'>suevit</span> <span class='ocrx_word' id='word_1_22' title='bbox 922 1183 949 1261; x_wconf 88' lang='lat'>¹.</span> <span class='ocrx_word' id='word_1_23' title='bbox 978 1177 1025 1261; x_wconf 86' lang='lat' dir='ltr'>Et</span> <span class='ocrx_word' id='word_1_24' title='bbox 1047 1171 1105 1262; x_wconf 89' lang='lat' dir='ltr'>sic</span> <span class='ocrx_word' id='word_1_25' title='bbox 1127 1173 1272 1261; x_wconf 90' lang='lat' dir='ltr'>denuo</span> <span class='ocrx_word' id='word_1_26' title='bbox 1297 1171 1344 1263; x_wconf 92' lang='lat' dir='ltr'>in</span> <span class='ocrx_word' id='word_1_27' title='bbox 1367 1203 1584 1263; x_wconf 86' lang='lat' dir='ltr'>carcerem</span> <span class='ocrx_word' id='word_1_28' title='bbox 1602 1171 1776 1263; x_wconf 88' lang='lat' dir='ltr'>detrudi</span> <span class='ocrx_word' id='word_1_29' title='bbox 1800 1169 1903 1296; x_wconf 88' lang='lat' dir='ltr'>jussi</span> <span class='ocrx_word' id='word_1_30' title='bbox 1919 1194 2037 1289; x_wconf 92' lang='lat' dir='ltr'>sunt,</span> <span class='ocrx_word' id='word_1_31' title='bbox 2058 1172 2138 1264; x_wconf 94' lang='lat' dir='ltr'>ubi</span> <span class='ocrx_word' id='word_1_32' title='bbox 2153 1195 2198 1263; x_wconf 90' lang='lat' dir='ltr'>et</span> 
     </span>
     <span class='ocr_line' id='line_1_5' title="bbox 765 1320 2198 1444; baseline 0.001 -33"><span class='ocrx_word' id='word_1_33' title='bbox 765 1343 1020 1411; x_wconf 86' lang='lat' dir='ltr'>manserunt</span> <span class='ocrx_word' id='word_1_34' title='bbox 1042 1320 1193 1412; x_wconf 87' lang='lat' dir='ltr'>diebus</span> <span class='ocrx_word' id='word_1_35' title='bbox 1215 1321 1409 1444; x_wconf 92' lang='lat' dir='ltr'>quinque</span> <span class='ocrx_word' id='word_1_36' title='bbox 1434 1353 1513 1444; x_wconf 92' lang='lat' dir='ltr'>per</span> <span class='ocrx_word' id='word_1_37' title='bbox 1534 1353 1644 1444; x_wconf 92' lang='lat' dir='ltr'>quos</span> <span class='ocrx_word' id='word_1_38' title='bbox 1666 1323 1822 1412; x_wconf 92' lang='lat' dir='ltr'>multas</span> <span class='ocrx_word' id='word_1_39' title='bbox 1845 1321 2064 1412; x_wconf 83' lang='lat' dir='ltr'>molestias</span> <span class='ocrx_word' id='word_1_40' title='bbox 2088 1322 2198 1444; x_wconf 85' lang='lat' dir='ltr'>passi</span> 
     </span>
     <span class='ocr_line' id='line_1_6' title="bbox 568 1470 2198 1593; baseline 0.001 -32"><span class='ocrx_word' id='word_1_41' title='bbox 568 1509 615 1559; x_wconf 75' lang='grc' dir='ltr'>-ν,</span> <span class='ocrx_word' id='word_1_42' title='bbox 630 1511 651 1546; x_wconf 83' lang='lat'>1·</span> <span class='ocrx_word' id='word_1_43' title='bbox 765 1493 890 1588; x_wconf 88' lang='lat' dir='ltr'>sunt·;</span> <span class='ocrx_word' id='word_1_44' title='bbox 914 1471 1081 1593; x_wconf 87' lang='lat' dir='ltr'>illisque</span> <span class='ocrx_word' id='word_1_45' title='bbox 1109 1471 1321 1562; x_wconf 89' lang='lat' dir='ltr'>stantibus</span> <span class='ocrx_word' id='word_1_46' title='bbox 1353 1472 1399 1562; x_wconf 93' lang='lat' dir='ltr'>in</span> <span class='ocrx_word' id='word_1_47' title='bbox 1423 1503 1583 1593; x_wconf 89' lang='lat' dir='ltr'>magna</span> <span class='ocrx_word' id='word_1_48' title='bbox 1613 1470 1855 1562; x_wconf 88' lang='lat' dir='ltr'>constantia</span> <span class='ocrx_word' id='word_1_49' title='bbox 1888 1471 2093 1562; x_wconf 84' lang='lat' dir='ltr'>adversus</span> <span class='ocrx_word' id='word_1_50' title='bbox 2123 1503 2198 1562; x_wconf 88' lang='lat' dir='ltr'>eos</span> 
     </span>
     <span class='ocr_line' id='line_1_7' title="bbox 765 1620 2196 1743; baseline 0.001 -31"><span class='ocrx_word' id='word_1_51' title='bbox 765 1621 841 1743; x_wconf 93' lang='lat' dir='ltr'>qui</span> <span class='ocrx_word' id='word_1_52' title='bbox 871 1621 985 1743; x_wconf 87' lang='lat' dir='ltr'>ipsos</span> <span class='ocrx_word' id='word_1_53' title='bbox 1010 1621 1328 1743; x_wconf 91' lang='lat' dir='ltr'>deprimebant,</span> <span class='ocrx_word' id='word_1_54' title='bbox 1349 1623 1604 1713; x_wconf 89' lang='lat' dir='ltr'>mandatum</span> <span class='ocrx_word' id='word_1_55' title='bbox 1626 1620 1710 1711; x_wconf 84' lang='lat' dir='ltr'>fuit</span> <span class='ocrx_word' id='word_1_56' title='bbox 1734 1644 1785 1711; x_wconf 95' lang='lat' dir='ltr'>ut</span> <span class='ocrx_word' id='word_1_57' title='bbox 1800 1621 1856 1711; x_wconf 92' lang='lat' dir='ltr'>ad</span> <span class='ocrx_word' id='word_1_58' title='bbox 1872 1645 2064 1711; x_wconf 89' lang='lat' dir='ltr'>mortem</span> <span class='ocrx_word' id='word_1_59' title='bbox 2089 1621 2196 1713; x_wconf 89' lang='lat' dir='ltr'>edu-</span> 
     </span>
     <span class='ocr_line' id='line_1_8' title="bbox 765 1769 2197 1894; baseline 0 -33"><span class='ocrx_word' id='word_1_60' title='bbox 765 1794 984 1861; x_wconf 91' lang='lat' dir='ltr'>cerentur.</span> <span class='ocrx_word' id='word_1_61' title='bbox 1029 1771 1294 1892; x_wconf 88' lang='lat' dir='ltr'>Supplicium</span> <span class='ocrx_word' id='word_1_62' title='bbox 1328 1770 1415 1862; x_wconf 90' lang='lat' dir='ltr'>sive</span> <span class='ocrx_word' id='word_1_63' title='bbox 1450 1773 1603 1862; x_wconf 91' lang='lat' dir='ltr'>modus</span> <span class='ocrx_word' id='word_1_64' title='bbox 1642 1772 1796 1861; x_wconf 89' lang='lat' dir='ltr'>mortis</span> <span class='ocrx_word' id='word_1_65' title='bbox 1827 1769 1884 1894; x_wconf 89' lang='lat' dir='ltr'>(si</span> <span class='ocrx_word' id='word_1_66' title='bbox 1923 1772 2080 1861; x_wconf 89' lang='lat' dir='ltr'>modus</span> <span class='ocrx_word' id='word_1_67' title='bbox 2115 1769 2197 1861; x_wconf 91' lang='lat' dir='ltr'>dici</span> 
     </span>
     <span class='ocr_line' id='line_1_9' title="bbox 765 1919 2195 2043; baseline -0.001 -31"><span class='ocrx_word' id='word_1_68' title='bbox 765 1921 913 2043; x_wconf 89' lang='lat' dir='ltr'>possit,</span> <span class='ocrx_word' id='word_1_69' title='bbox 943 1919 1019 2010; x_wconf 91' lang='lat' dir='ltr'>ubi</span> <span class='ocrx_word' id='word_1_70' title='bbox 1044 1952 1173 2042; x_wconf 89' lang='lat' dir='ltr'>supra</span> <span class='ocrx_word' id='word_1_71' title='bbox 1198 1952 1377 2011; x_wconf 88' lang='lat' dir='ltr'>omnem</span> <span class='ocrx_word' id='word_1_72' title='bbox 1399 1923 1642 2012; x_wconf 92' lang='lat' dir='ltr'>humanum</span> <span class='ocrx_word' id='word_1_73' title='bbox 1666 1921 1847 2010; x_wconf 92' lang='lat' dir='ltr'>modum</span> <span class='ocrx_word' id='word_1_74' title='bbox 1874 1951 1982 2011; x_wconf 89' lang='lat' dir='ltr'>saeva</span> <span class='ocrx_word' id='word_1_75' title='bbox 2008 1920 2195 2012; x_wconf 91' lang='lat' dir='ltr'>crudeli·</span> 
     </span>
    </p>

    <p class='ocr_par' dir='ltr' id='par_1_3' title="bbox 474 2067 2197 4738">
     <span class='ocr_line' id='line_1_10' title="bbox 765 2067 1973 2192; baseline -0.002 -30"><span class='ocrx_word' id='word_1_76' title='bbox 765 2094 830 2162; x_wconf 87' lang='lat' dir='ltr'>tas</span> <span class='ocrx_word' id='word_1_77' title='bbox 850 2094 895 2161; x_wconf 94' lang='lat' dir='ltr'>et</span> <span class='ocrx_word' id='word_1_78' title='bbox 919 2071 1101 2161; x_wconf 88' lang='lat' dir='ltr'>crudelis</span> <span class='ocrx_word' id='word_1_79' title='bbox 1127 2070 1323 2192; x_wconf 87' lang='lat' dir='ltr'>tyrannis</span> <span class='ocrx_word' id='word_1_80' title='bbox 1349 2069 1716 2192; x_wconf 84' lang='lat' dir='ltr'>exaggerabatur)</span> <span class='ocrx_word' id='word_1_81' title='bbox 1742 2068 1837 2159; x_wconf 90' lang='lat' dir='ltr'>talis</span> <span class='ocrx_word' id='word_1_82' title='bbox 1860 2067 1944 2159; x_wconf 89' lang='lat' dir='ltr'>fuit</span> <span class='ocrx_word' id='word_1_83' title='bbox 1958 2105 1973 2179; x_wconf 76' lang='grc' dir='ltr'>Ι;</span> 
     </span>
     <span class='ocr_line' id='line_1_11' title="bbox 474 2218 2193 2370; baseline 0.001 -62"><span class='ocrx_word' id='word_1_84' title='bbox 474 2240 738 2370; x_wconf 48' lang='lat' dir='ltr'>qumsgpuggp</span> <span class='ocrx_word' id='word_1_85' title='bbox 828 2220 975 2312; x_wconf 87' lang='lat' dir='ltr'>Educti</span> <span class='ocrx_word' id='word_1_86' title='bbox 992 2222 1046 2311; x_wconf 91' lang='lat' dir='ltr'>de</span> <span class='ocrx_word' id='word_1_87' title='bbox 1070 2251 1256 2336; x_wconf 88' lang='lat' dir='ltr'>carcere,</span> <span class='ocrx_word' id='word_1_88' title='bbox 1276 2221 1421 2311; x_wconf 89' lang='lat' dir='ltr'>statim</span> <span class='ocrx_word' id='word_1_89' title='bbox 1446 2218 1602 2343; x_wconf 85' lang='lat' dir='ltr'>dejecti</span> <span class='ocrx_word' id='word_1_90' title='bbox 1626 2241 1753 2309; x_wconf 89' lang='lat' dir='ltr'>erant</span> <span class='ocrx_word' id='word_1_91' title='bbox 1782 2249 1912 2341; x_wconf 89' lang='lat' dir='ltr'>super</span> <span class='ocrx_word' id='word_1_92' title='bbox 1927 2218 2193 2333; x_wconf 91' lang='lat' dir='ltr'>vimicillum,</span> 
     </span>
     <span class='ocr_line' id='line_1_12' title="bbox 475 2366 2195 2496; baseline -0.001 -34"><span class='ocrx_word' id='word_1_93' title='bbox 475 2366 596 2417; x_wconf 46' lang='grc' dir='ltr'>Μ·</span> <span class='ocrx_word' id='word_1_94' title='bbox 763 2370 1001 2493; x_wconf 88' lang='lat' dir='ltr'>vulgariter</span> <span class='ocrx_word' id='word_1_95' title='bbox 1026 2405 1051 2459; x_wconf 87' lang='lat' dir='ltr'>a</span> <span class='ocrx_word' id='word_1_96' title='bbox 1078 2368 1262 2496; x_wconf 63' lang='grc' dir='ltr'>Ιιγνεὶὶε2</span> <span class='ocrx_word' id='word_1_97' title='bbox 1288 2370 1467 2486; x_wconf 88' lang='lat' dir='ltr'>dictum,</span> <span class='ocrx_word' id='word_1_98' title='bbox 1491 2393 1536 2460; x_wconf 97' lang='lat' dir='ltr'>et</span> <span class='ocrx_word' id='word_1_99' title='bbox 1562 2370 1752 2492; x_wconf 90' lang='lat' dir='ltr'>resupini</span> <span class='ocrx_word' id='word_1_100' title='bbox 1782 2370 1884 2460; x_wconf 93' lang='lat' dir='ltr'>huic</span> <span class='ocrx_word' id='word_1_101' title='bbox 1908 2370 2072 2492; x_wconf 88' lang='lat' dir='ltr'>alligati</span> <span class='ocrx_word' id='word_1_102' title='bbox 2101 2368 2195 2461; x_wconf 88' lang='lat' dir='ltr'>fue-</span> 
     </span>
     <span class='ocr_line' id='line_1_13' title="bbox 765 2520 2196 2643; baseline 0.001 -32"><span class='ocrx_word' id='word_1_103' title='bbox 765 2543 884 2636; x_wconf 92' lang='lat' dir='ltr'>runt,</span> <span class='ocrx_word' id='word_1_104' title='bbox 918 2542 1015 2610; x_wconf 94' lang='lat' dir='ltr'>toto</span> <span class='ocrx_word' id='word_1_105' title='bbox 1049 2551 1233 2641; x_wconf 92' lang='lat' dir='ltr'>corpore</span> <span class='ocrx_word' id='word_1_106' title='bbox 1263 2543 1444 2610; x_wconf 88' lang='lat' dir='ltr'>extenso</span> <span class='ocrx_word' id='word_1_107' title='bbox 1472 2520 1519 2611; x_wconf 92' lang='lat' dir='ltr'>in</span> <span class='ocrx_word' id='word_1_108' title='bbox 1548 2523 1746 2641; x_wconf 92' lang='lat' dir='ltr'>longum.</span> <span class='ocrx_word' id='word_1_109' title='bbox 1780 2526 1829 2611; x_wconf 87' lang='lat' dir='ltr'>Et</span> <span class='ocrx_word' id='word_1_110' title='bbox 1860 2520 1918 2612; x_wconf 91' lang='lat' dir='ltr'>sic</span> <span class='ocrx_word' id='word_1_111' title='bbox 1949 2551 2082 2643; x_wconf 83' lang='lat' dir='ltr'>super</span> <span class='ocrx_word' id='word_1_112' title='bbox 2113 2521 2196 2612; x_wconf 91' lang='lat' dir='ltr'>hoc</span> 
     </span>
     <span class='ocr_line' id='line_1_14' title="bbox 765 2670 2195 2793; baseline 0 -33"><span class='ocrx_word' id='word_1_113' title='bbox 765 2671 1036 2784; x_wconf 82' lang='lat' dir='ltr'>accubantes,</span> <span class='ocrx_word' id='word_1_114' title='bbox 1062 2692 1183 2760; x_wconf 91' lang='lat' dir='ltr'>retro</span> <span class='ocrx_word' id='word_1_115' title='bbox 1205 2672 1259 2760; x_wconf 95' lang='lat' dir='ltr'>ad</span> <span class='ocrx_word' id='word_1_116' title='bbox 1284 2672 1417 2760; x_wconf 85' lang='lat' dir='ltr'>calces</span> <span class='ocrx_word' id='word_1_117' title='bbox 1443 2701 1659 2793; x_wconf 91' lang='lat' dir='ltr'>equorum</span> <span class='ocrx_word' id='word_1_118' title='bbox 1691 2701 1771 2791; x_wconf 88' lang='lat' dir='ltr'>per</span> <span class='ocrx_word' id='word_1_119' title='bbox 1804 2692 1944 2760; x_wconf 92' lang='lat' dir='ltr'>totam</span> <span class='ocrx_word' id='word_1_120' title='bbox 1976 2670 2195 2781; x_wconf 84' lang='lat' dir='ltr'>civitatem</span> 
     </span>
     <span class='ocr_line' id='line_1_15' title="bbox 764 2817 2196 2945; baseline -0.001 -35"><span class='ocrx_word' id='word_1_121' title='bbox 764 2820 1066 2936; x_wconf 89' lang='lat' dir='ltr'>trahebantur,</span> <span class='ocrx_word' id='word_1_122' title='bbox 1087 2852 1314 2942; x_wconf 88' lang='lat' dir='ltr'>quousque</span> <span class='ocrx_word' id='word_1_123' title='bbox 1330 2821 1602 2910; x_wconf 91' lang='lat' dir='ltr'>devenerunt</span> <span class='ocrx_word' id='word_1_124' title='bbox 1623 2821 1678 2910; x_wconf 92' lang='lat' dir='ltr'>ad</span> <span class='ocrx_word' id='word_1_125' title='bbox 1699 2822 1844 2910; x_wconf 92' lang='lat' dir='ltr'>locum</span> <span class='ocrx_word' id='word_1_126' title='bbox 1878 2817 2054 2945; x_wconf 81' lang='lat' dir='ltr'>Tyburn</span> <span class='ocrx_word' id='word_1_127' title='bbox 2073 2817 2103 2935; x_wconf 87' lang='lat'>³,</span> <span class='ocrx_word' id='word_1_128' title='bbox 2121 2819 2196 2912; x_wconf 91' lang='lat' dir='ltr'>ubi</span> 
     </span>
     <span class='ocr_line' id='line_1_16' title="bbox 764 2968 2196 3091; baseline 0.002 -33"><span class='ocrx_word' id='word_1_129' title='bbox 764 3000 917 3059; x_wconf 89' lang='lat' dir='ltr'>omnes</span> <span class='ocrx_word' id='word_1_130' title='bbox 940 2968 1132 3058; x_wconf 86' lang='lat' dir='ltr'>scelerati</span> <span class='ocrx_word' id='word_1_131' title='bbox 1157 2968 1286 3090; x_wconf 92' lang='lat' dir='ltr'>plecti</span> <span class='ocrx_word' id='word_1_132' title='bbox 1304 2991 1644 3085; x_wconf 82' lang='lat' dir='ltr'>consueverunt3</span> <span class='ocrx_word' id='word_1_133' title='bbox 1675 2969 1749 3091; x_wconf 91' lang='lat' dir='ltr'>qui</span> <span class='ocrx_word' id='word_1_134' title='bbox 1777 2971 1896 3059; x_wconf 85' lang='lat' dir='ltr'>locus</span> <span class='ocrx_word' id='word_1_135' title='bbox 1926 2969 2114 3060; x_wconf 91' lang='lat' dir='ltr'>distabat</span> <span class='ocrx_word' id='word_1_136' title='bbox 2143 2970 2196 3061; x_wconf 91' lang='lat' dir='ltr'>ab</span> 
     </span>
     <span class='ocr_line' id='line_1_17' title="bbox 763 3118 2196 3240; baseline 0.001 -31"><span class='ocrx_word' id='word_1_137' title='bbox 763 3118 837 3209; x_wconf 93' lang='lat' dir='ltr'>illo</span> <span class='ocrx_word' id='word_1_138' title='bbox 863 3149 1033 3209; x_wconf 90' lang='lat' dir='ltr'>carcere</span> <span class='ocrx_word' id='word_1_139' title='bbox 1056 3149 1145 3208; x_wconf 92' lang='lat' dir='ltr'>una</span> <span class='ocrx_word' id='word_1_140' title='bbox 1167 3120 1288 3208; x_wconf 88' lang='lat' dir='ltr'>leuca</span> <span class='ocrx_word' id='word_1_141' title='bbox 1309 3121 1377 3209; x_wconf 88' lang='lat' dir='ltr'>vel</span> <span class='ocrx_word' id='word_1_142' title='bbox 1404 3118 1574 3209; x_wconf 90' lang='lat' dir='ltr'>milliari</span> <span class='ocrx_word' id='word_1_143' title='bbox 1597 3118 1765 3240; x_wconf 91' lang='lat' dir='ltr'>gallico.</span> <span class='ocrx_word' id='word_1_144' title='bbox 1794 3125 1919 3226; x_wconf 92' lang='lat' dir='ltr'>Quot</span> <span class='ocrx_word' id='word_1_145' title='bbox 1944 3118 2196 3239; x_wconf 84' lang='lat' dir='ltr'>gravamina</span> 
     </span>
     <span class='ocr_line' id='line_1_18' title="bbox 763 3267 2192 3390; baseline 0.001 -32"><span class='ocrx_word' id='word_1_146' title='bbox 763 3291 1038 3390; x_wconf 86' lang='lat' dir='ltr'>quantosque</span> <span class='ocrx_word' id='word_1_147' title='bbox 1075 3268 1287 3358; x_wconf 87' lang='lat' dir='ltr'>cruciatus</span> <span class='ocrx_word' id='word_1_148' title='bbox 1321 3300 1400 3390; x_wconf 92' lang='lat' dir='ltr'>per</span> <span class='ocrx_word' id='word_1_149' title='bbox 1425 3291 1564 3359; x_wconf 91' lang='lat' dir='ltr'>totam</span> <span class='ocrx_word' id='word_1_150' title='bbox 1603 3268 1718 3359; x_wconf 88' lang='lat' dir='ltr'>viam</span> <span class='ocrx_word' id='word_1_151' title='bbox 1751 3267 1870 3358; x_wconf 90' lang='lat' dir='ltr'>illam</span> <span class='ocrx_word' id='word_1_152' title='bbox 1899 3271 2192 3390; x_wconf 91' lang='lat' dir='ltr'>pertulerunt,</span> 
     </span>
     <span class='ocr_line' id='line_1_19' title="bbox 764 3419 2191 3540; baseline -0.001 -31"><span class='ocrx_word' id='word_1_153' title='bbox 764 3420 956 3540; x_wconf 90' lang='lat' dir='ltr'>quando,</span> <span class='ocrx_word' id='word_1_154' title='bbox 993 3420 1127 3508; x_wconf 92' lang='lat' dir='ltr'>modo</span> <span class='ocrx_word' id='word_1_155' title='bbox 1158 3449 1237 3539; x_wconf 90' lang='lat' dir='ltr'>per</span> <span class='ocrx_word' id='word_1_156' title='bbox 1273 3419 1445 3539; x_wconf 90' lang='lat' dir='ltr'>turgida</span> <span class='ocrx_word' id='word_1_157' title='bbox 1479 3442 1525 3509; x_wconf 96' lang='lat' dir='ltr'>et</span> <span class='ocrx_word' id='word_1_158' title='bbox 1553 3449 1703 3539; x_wconf 87' lang='lat' dir='ltr'>aspera</span> <span class='ocrx_word' id='word_1_159' title='bbox 1733 3420 1828 3509; x_wconf 90' lang='lat' dir='ltr'>loca</span> <span class='ocrx_word' id='word_1_160' title='bbox 1853 3419 1938 3510; x_wconf 92' lang='lat' dir='ltr'>iter</span> <span class='ocrx_word' id='word_1_161' title='bbox 1962 3419 2191 3534; x_wconf 90' lang='lat' dir='ltr'>haberent,</span> 
     </span>
     <span class='ocr_line' id='line_1_20' title="bbox 764 3567 2193 3689; baseline 0.001 -33"><span class='ocrx_word' id='word_1_162' title='bbox 764 3568 898 3657; x_wconf 93' lang='lat' dir='ltr'>modo</span> <span class='ocrx_word' id='word_1_163' title='bbox 922 3598 1001 3689; x_wconf 90' lang='lat' dir='ltr'>per</span> <span class='ocrx_word' id='word_1_164' title='bbox 1026 3597 1187 3688; x_wconf 87' lang='lat' dir='ltr'>aquosa</span> <span class='ocrx_word' id='word_1_165' title='bbox 1209 3589 1255 3657; x_wconf 90' lang='lat' dir='ltr'>et</span> <span class='ocrx_word' id='word_1_166' title='bbox 1275 3568 1431 3683; x_wconf 89' lang='lat' dir='ltr'>lutosa,</span> <span class='ocrx_word' id='word_1_167' title='bbox 1461 3600 1558 3689; x_wconf 87' lang='lat' dir='ltr'>quae</span> <span class='ocrx_word' id='word_1_168' title='bbox 1584 3567 1716 3658; x_wconf 91' lang='lat' dir='ltr'>invia</span> <span class='ocrx_word' id='word_1_169' title='bbox 1737 3568 1975 3659; x_wconf 91' lang='lat' dir='ltr'>admodum</span> <span class='ocrx_word' id='word_1_170' title='bbox 2000 3569 2193 3658; x_wconf 90' lang='lat' dir='ltr'>abunda·</span> 
     </span>
     <span class='ocr_line' id='line_1_21' title="bbox 763 3716 2196 3840; baseline 0.001 -33"><span class='ocrx_word' id='word_1_171' title='bbox 763 3716 883 3830; x_wconf 90' lang='lat' dir='ltr'>bant,</span> <span class='ocrx_word' id='word_1_172' title='bbox 904 3717 1224 3839; x_wconf 86' lang='lat' dir='ltr'>trajicerentur,</span> <span class='ocrx_word' id='word_1_173' title='bbox 1245 3717 1341 3839; x_wconf 86' lang='lat' dir='ltr'>quis</span> <span class='ocrx_word' id='word_1_174' title='bbox 1357 3747 1561 3808; x_wconf 89' lang='lat' dir='ltr'>enarrare</span> <span class='ocrx_word' id='word_1_175' title='bbox 1577 3718 1791 3808; x_wconf 84' lang='lat' dir='ltr'>sufficiat?</span> <span class='ocrx_word' id='word_1_176' title='bbox 1808 3717 1963 3840; x_wconf 89' lang='lat' dir='ltr'>Sicque</span> <span class='ocrx_word' id='word_1_177' title='bbox 1979 3716 2196 3838; x_wconf 88' lang='lat' dir='ltr'>perductis</span> 
     </span>
     <span class='ocr_line' id='line_1_22' title="bbox 474 3866 2197 4020; baseline 0.001 -63"><span class='ocrx_word' id='word_1_178' title='bbox 474 3891 737 4020; x_wconf 49' lang='lat' dir='ltr'>amima:</span> <span class='ocrx_word' id='word_1_179' title='bbox 763 3866 844 3957; x_wconf 89' lang='lat' dir='ltr'>illis</span> <span class='ocrx_word' id='word_1_180' title='bbox 872 3868 927 3957; x_wconf 91' lang='lat' dir='ltr'>ad</span> <span class='ocrx_word' id='word_1_181' title='bbox 954 3869 1100 3957; x_wconf 91' lang='lat' dir='ltr'>locum</span> <span class='ocrx_word' id='word_1_182' title='bbox 1125 3866 1480 3983; x_wconf 89' lang='lat' dir='ltr'>determinatum,</span> <span class='ocrx_word' id='word_1_183' title='bbox 1509 3890 1679 3958; x_wconf 89' lang='lat' dir='ltr'>sanctus</span> <span class='ocrx_word' id='word_1_184' title='bbox 1705 3873 1832 3958; x_wconf 87' lang='lat' dir='ltr'>Pater</span> <span class='ocrx_word' id='word_1_185' title='bbox 1855 3890 2005 3958; x_wconf 90' lang='lat' dir='ltr'>noster</span> <span class='ocrx_word' id='word_1_186' title='bbox 2031 3867 2197 3989; x_wconf 80' lang='lat' dir='ltr'>primus</span> 
     </span>
     <span class='ocr_line' id='line_1_23' title="bbox 475 4015 2196 4141; baseline 0 -33"><span class='ocrx_word' id='word_1_187' title='bbox 475 4025 533 4069; x_wconf 72' lang='lat'>⁸⁰¹²·</span> <span class='ocrx_word' id='word_1_188' title='bbox 764 4017 1026 4108; x_wconf 89' lang='lat' dir='ltr'>solvebatur.</span> <span class='ocrx_word' id='word_1_189' title='bbox 1053 4023 1176 4107; x_wconf 89' lang='lat' dir='ltr'>Tunc</span> <span class='ocrx_word' id='word_1_190' title='bbox 1201 4017 1434 4139; x_wconf 87' lang='lat' dir='ltr'>spiculator</span> <span class='ocrx_word' id='word_1_191' title='bbox 1454 4049 1572 4139; x_wconf 92' lang='lat' dir='ltr'>genu</span> <span class='ocrx_word' id='word_1_192' title='bbox 1596 4015 1719 4107; x_wconf 86' lang='lat' dir='ltr'>flexit</span> <span class='ocrx_word' id='word_1_193' title='bbox 1744 4018 1811 4141; x_wconf 83' lang='lat' dir='ltr'>(ut</span> <span class='ocrx_word' id='word_1_194' title='bbox 1835 4017 1969 4107; x_wconf 90' lang='lat' dir='ltr'>moris</span> <span class='ocrx_word' id='word_1_195' title='bbox 1993 4039 2060 4108; x_wconf 87' lang='lat' dir='ltr'>est</span> <span class='ocrx_word' id='word_1_196' title='bbox 2086 4017 2196 4108; x_wconf 85' lang='lat' dir='ltr'>illius</span> 
     </span>
     <span class='ocr_line' id='line_1_24' title="bbox 764 4165 2196 4290; baseline 0 -32"><span class='ocrx_word' id='word_1_197' title='bbox 764 4165 930 4290; x_wconf 88' lang='lat' dir='ltr'>patriae)</span> <span class='ocrx_word' id='word_1_198' title='bbox 952 4189 1054 4257; x_wconf 89' lang='lat' dir='ltr'>ante</span> <span class='ocrx_word' id='word_1_199' title='bbox 1078 4198 1197 4283; x_wconf 90' lang='lat' dir='ltr'>eum,</span> <span class='ocrx_word' id='word_1_200' title='bbox 1217 4190 1370 4290; x_wconf 84' lang='lat' dir='ltr'>petens</span> <span class='ocrx_word' id='word_1_201' title='bbox 1395 4166 1474 4258; x_wconf 92' lang='lat' dir='ltr'>sibi</span> <span class='ocrx_word' id='word_1_202' title='bbox 1497 4165 1714 4289; x_wconf 91' lang='lat' dir='ltr'>indulgeri</span> <span class='ocrx_word' id='word_1_203' title='bbox 1744 4198 1854 4289; x_wconf 92' lang='lat' dir='ltr'>opus</span> <span class='ocrx_word' id='word_1_204' title='bbox 1885 4166 1991 4257; x_wconf 92' lang='lat' dir='ltr'>illud</span> <span class='ocrx_word' id='word_1_205' title='bbox 2023 4168 2196 4258; x_wconf 87' lang='lat' dir='ltr'>crudele</span> 
     </span>
     <span class='ocr_line' id='line_1_25' title="bbox 763 4314 2196 4438; baseline 0.002 -31"><span class='ocrx_word' id='word_1_206' title='bbox 763 4315 811 4408; x_wconf 92' lang='lat' dir='ltr'>in</span> <span class='ocrx_word' id='word_1_207' title='bbox 836 4349 940 4408; x_wconf 90' lang='lat' dir='ltr'>eum</span> <span class='ocrx_word' id='word_1_208' title='bbox 965 4319 1274 4407; x_wconf 87' lang='lat' dir='ltr'>exercendum.</span> <span class='ocrx_word' id='word_1_209' title='bbox 1303 4323 1348 4408; x_wconf 93' lang='lat' dir='ltr'>O</span> <span class='ocrx_word' id='word_1_210' title='bbox 1372 4317 1490 4408; x_wconf 92' lang='lat' dir='ltr'>bone</span> <span class='ocrx_word' id='word_1_211' title='bbox 1513 4319 1638 4408; x_wconf 83' lang='lat' dir='ltr'>lesu!</span> <span class='ocrx_word' id='word_1_212' title='bbox 1665 4315 1761 4438; x_wconf 84' lang='lat' dir='ltr'>quis</span> <span class='ocrx_word' id='word_1_213' title='bbox 1783 4347 1876 4407; x_wconf 92' lang='lat' dir='ltr'>non</span> <span class='ocrx_word' id='word_1_214' title='bbox 1900 4314 2040 4429; x_wconf 83' lang='lat' dir='ltr'>fleret,</span> <span class='ocrx_word' id='word_1_215' title='bbox 2065 4317 2196 4410; x_wconf 85' lang='lat' dir='ltr'>Chri·</span> 
     </span>
     <span class='ocr_line' id='line_1_26' title="bbox 765 4464 2197 4589; baseline 0 -31"><span class='ocrx_word' id='word_1_216' title='bbox 765 4465 818 4558; x_wconf 87' lang='lat' dir='ltr'>sti</span> <span class='ocrx_word' id='word_1_217' title='bbox 848 4497 1022 4559; x_wconf 87' lang='lat' dir='ltr'>servum</span> <span class='ocrx_word' id='word_1_218' title='bbox 1054 4467 1087 4557; x_wconf 90' lang='lat' dir='ltr'>si</span> <span class='ocrx_word' id='word_1_219' title='bbox 1119 4466 1287 4557; x_wconf 88' lang='lat' dir='ltr'>videret</span> <span class='ocrx_word' id='word_1_220' title='bbox 1309 4466 1355 4557; x_wconf 91' lang='lat' dir='ltr'>in</span> <span class='ocrx_word' id='word_1_221' title='bbox 1381 4490 1507 4558; x_wconf 90' lang='lat' dir='ltr'>tanto</span> <span class='ocrx_word' id='word_1_222' title='bbox 1531 4465 1776 4589; x_wconf 84' lang='lat' dir='ltr'>supplicio?</span> <span class='ocrx_word' id='word_1_223' title='bbox 1801 4464 1912 4575; x_wconf 90' lang='lat' dir='ltr'>Quis</span> <span class='ocrx_word' id='word_1_224' title='bbox 1935 4489 2080 4589; x_wconf 84' lang='lat' dir='ltr'>posset</span> <span class='ocrx_word' id='word_1_225' title='bbox 2107 4498 2197 4558; x_wconf 91' lang='lat' dir='ltr'>non</span> 
     </span>
     <span class='ocr_line' id='line_1_27' title="bbox 765 4615 2191 4738; baseline 0.001 -32"><span class='ocrx_word' id='word_1_226' title='bbox 765 4616 1025 4734; x_wconf 84' lang='lat' dir='ltr'>contristari,</span> <span class='ocrx_word' id='word_1_227' title='bbox 1062 4638 1151 4707; x_wconf 84' lang='lat' dir='ltr'>tam</span> <span class='ocrx_word' id='word_1_228' title='bbox 1191 4616 1325 4707; x_wconf 89' lang='lat' dir='ltr'>sancti</span> <span class='ocrx_word' id='word_1_229' title='bbox 1363 4615 1441 4707; x_wconf 90' lang='lat' dir='ltr'>viri</span> <span class='ocrx_word' id='word_1_230' title='bbox 1483 4615 1798 4736; x_wconf 89' lang='lat' dir='ltr'>benignitatem</span> <span class='ocrx_word' id='word_1_231' title='bbox 1840 4618 2191 4738; x_wconf 85' lang='lat' dir='ltr'>contemplando,</span> 
     </span>
    </p>
   </div>
   <div class='ocr_carea' id='block_1_3' title="bbox 765 4762 2193 4888">
    <p class='ocr_par' dir='ltr' id='par_1_4' title="bbox 765 4762 2193 4888">
     <span class='ocr_line' id='line_1_28' title="bbox 765 4762 2193 4888; baseline 0.002 -32"><span class='ocrx_word' id='word_1_232' title='bbox 765 4797 897 4887; x_wconf 91' lang='lat' dir='ltr'>quam</span> <span class='ocrx_word' id='word_1_233' title='bbox 925 4767 1115 4888; x_wconf 86' lang='lat' dir='ltr'>benigne</span> <span class='ocrx_word' id='word_1_234' title='bbox 1138 4790 1185 4858; x_wconf 87' lang='lat' dir='ltr'>et</span> <span class='ocrx_word' id='word_1_235' title='bbox 1210 4766 1407 4858; x_wconf 89' lang='lat' dir='ltr'>modeste</span> <span class='ocrx_word' id='word_1_236' title='bbox 1434 4768 1643 4857; x_wconf 85' lang='lat' dir='ltr'>allocutus</span> <span class='ocrx_word' id='word_1_237' title='bbox 1672 4762 1806 4855; x_wconf 88' lang='lat' dir='ltr'>fuerit</span> <span class='ocrx_word' id='word_1_238' title='bbox 1834 4796 1962 4856; x_wconf 88' lang='lat' dir='ltr'>suum</span> <span class='ocrx_word' id='word_1_239' title='bbox 1986 4765 2193 4859; x_wconf 89' lang='lat' dir='ltr'>interem-</span> 
     </span>
    </p>
   </div>
   <div class='ocr_carea' id='block_1_4' title="bbox 0 0 2392 6389">
    <p class='ocr_par' dir='ltr' id='par_1_5' title="bbox 0 0 2392 6389">
     <span class='ocr_line' id='line_1_29' title="bbox 0 0 2392 6389; baseline 0 0"><span class='ocrx_word' id='word_1_240' title='bbox 0 0 2392 6389; x_wconf 95' lang='lat' dir='ltr'> </span> 
     </span>
    </p>
   </div>
  </div>
 </body>
</html>
