4776 6390
948 674 1133 755 ..5.-

334 908 380 977 at
404 884 449 974 hi
473 883 621 975 Nostri
651 914 751 973 cum
777 883 1037 1004 paucissimis
1063 882 1167 998 aliis,
1193 913 1381 1004 quorum
1409 882 1613 1004 praecipui
1636 881 1758 973 fuere

335 1044 452 1134 nulla
478 1072 673 1162 unquam
705 1041 924 1131 oblivione
964 1040 1225 1130 obliterandi
1256 1045 1309 1131 D.
1343 1045 1531 1130 Joannes
1566 1039 1758 1130 Fisherus

333 1192 557 1314 episcopus
591 1190 799 1281 Roffensis
829 1213 874 1280 et
904 1191 1093 1279 Thomas
1129 1195 1292 1305 Morus,
1319 1190 1403 1279 hoc
1429 1211 1580 1279 nostro
1607 1219 1757 1279 corru-

334 1339 528 1462 ptissimo
558 1340 728 1453 saeculo,
755 1370 844 1460 quo
869 1370 980 1459 pene
1012 1337 1199 1459 prodigii
1230 1338 1365 1428 instar
1394 1339 1444 1428 fit
1476 1370 1557 1460 pro
1581 1339 1758 1430 Christo

335 1488 463 1601 mori,
484 1489 683 1578 eamdem
707 1519 838 1608 quam
861 1487 921 1577 illi
944 1487 991 1576 in
1014 1486 1260 1608 opprobriis
1275 1487 1545 1608 patientiam,
1564 1487 1611 1578 in
1633 1489 1757 1578 vultu

334 1636 595 1727 hilaritatem
626 1658 672 1725 et
703 1637 749 1727 in
785 1668 892 1728 voce
929 1635 1215 1726 constantiam
1254 1636 1475 1726 retinuere
1513 1638 1676 1759 pariter
1709 1668 1758 1727 ac

334 1785 587 1907 praestitere,
623 1785 754 1906 idque
790 1785 837 1875 in
877 1785 971 1906 ipso
1009 1783 1339 1906 flagrantissimo
1384 1786 1757 1877 acerbissimorum

333 1934 641 2056 suppliciorum
682 1933 889 2024 cruciatu.
928 1939 992 2025 De
1023 1934 1123 2024 divo
1162 1933 1391 2024 laurentio
1430 1935 1604 2056 legitur,
1639 1936 1759 2057 quod
1816 1961 1847 2011 B-
1872 1959 2046 2011 Laurentia·-

333 2115 432 2176 cum
455 2082 667 2205 corporali
693 2085 913 2173 laboraret
936 2082 1154 2199 incendio,
1175 2114 1299 2174 amor
1321 2083 1489 2174 divinus
1514 2086 1757 2175 naturalem

333 2233 583 2324 restinxerit
599 2234 813 2343 ardorem,
831 2255 878 2322 et
892 2232 1087 2353 quamvis
1109 2254 1319 2354 tyrannus
1340 2231 1537 2323 fomenta
1560 2234 1753 2347 adderet,

331 2382 448 2503 ligna
476 2381 721 2505 subjiceret,
745 2381 946 2471 incendia
970 2405 1166 2502 augeret,
1186 2381 1275 2501 ipse
1293 2403 1441 2472 tamen
1463 2384 1538 2472 has
1564 2379 1758 2472 flammas

333 2560 421 2652 prae
445 2530 547 2621 fidei
570 2531 726 2620 ardore
749 2561 841 2620 non
864 2530 1058 2620 senserit.
1084 2530 1284 2622 Charitas
1307 2531 1424 2619 enim
1449 2531 1610 2622 Christi
1633 2529 1755 2620 llam-

334 2711 450 2769 mam
478 2679 591 2800 ignis
619 2680 863 2801 superabat,
890 2702 935 2769 et
960 2678 1158 2769 internus
1180 2678 1291 2799 ignis
1314 2681 1455 2768 multo
1479 2681 1658 2770 ardebat
1681 2711 1755 2772 ve-

333 2829 579 2920 hementius
617 2860 748 2950 quam
785 2851 1006 2943 externus,
1036 2859 1116 2918 nec
1148 2827 1379 2918 visceribus
1416 2828 1547 2918 sensit
1585 2828 1757 2919 urentia

333 3001 553 3069 tormenta
585 2978 660 3098 qui
690 3009 816 3068 sensu
845 2977 1054 3068 interiore
1089 2975 1373 3067 refocillantia
1405 2976 1589 3067 Paradisi
1621 2978 1754 3099 possi-

331 3129 463 3219 debat
477 3125 715 3246 refrigeria.
745 3131 838 3247 lpse
862 3158 970 3247 ergo
993 3125 1039 3217 in
1064 3125 1293 3215 tormentis
1314 3127 1546 3246 gaudebat,
1566 3148 1756 3248 tyranno

331 3276 579 3389 insultabat,
610 3299 656 3364 et
689 3275 744 3364 ad
774 3274 1037 3396 perficienda
1067 3274 1271 3396 supplicia
1304 3273 1585 3365 blandissimis
1613 3275 1755 3366 verbis

331 3425 543 3516 invitabat
581 3424 713 3514 ultr0.
754 3460 777 3507 α
820 3428 937 3538 Ecce,
980 3423 1181 3543 inquiens
1217 3425 1272 3512 ad
1309 3423 1504 3536 Decium,
1545 3425 1754 3515 carbones

331 3574 400 3664 isti
430 3572 494 3663 tui
519 3595 621 3663 sunt
651 3571 757 3662 mihi
788 3574 886 3662 loco
912 3570 1137 3692 refrigerii.
1166 3577 1215 3662 Et
1238 3572 1399 3661 iterum
1426 3605 1434 3660 :
1465 3581 1664 3662 Assatum
1690 3597 1755 3663 est

332 3722 439 3812 mihi
462 3723 572 3812 latus
593 3723 793 3837 alterum,
813 3750 936 3812 versa
949 3744 994 3810 et
1011 3722 1238 3812 manduca.
1262 3759 1285 3805 »
1299 3726 1408 3811 Item
1425 3721 1547 3812 divus
1565 3722 1753 3812 Vincen-
1838 3792 1844 3804 .
1900 3755 1905 3766 ·

332 3872 417 3962 tius
432 3893 595 3993 raptus,
622 3894 796 3987 tractus,
814 3868 1052 3991 flagellatus
1076 3901 1124 3960 ac
1139 3875 1314 3995 jamjam
1337 3871 1453 3961 cruci
1474 3871 1750 3992 suffigendus,

332 4052 475 4112 moras
509 4020 759 4111 carnificum
789 4020 1042 4141 increpavit,
1079 4051 1127 4110 ac
1161 4021 1351 4111 Daciano
1391 4021 1585 4112 dicenti:
1615 4024 1752 4113 «Ubi

332 4201 464 4286 nunc,
498 4169 643 4285 miser,
676 4168 815 4259 cernis
846 4200 1001 4290 corpus
1024 4171 1184 4260 tuum?
1205 4171 1458 4291 respondit:
1495 4168 1660 4287 Infelix,
1678 4172 1754 4262 has

330 4352 417 4442 ego
441 4321 588 4441 epulas
613 4350 786 4441 semper
812 4319 973 4440 optavi.
1006 4357 1029 4404 s
1057 4324 1105 4409 Et
1131 4319 1372 4435 Tiburtius,
1401 4351 1500 4409 cum
1516 4325 1653 4443 jussus
1675 4351 1754 4442 per
1812 4341 2020 4394 B·Tib1¹rtiu··

330 4470 540 4560 carbones
567 4469 688 4560 vivos
720 4468 845 4559 nudis
878 4468 1035 4590 plantis
1064 4468 1301 4584 incederet,
1328 4468 1474 4590 inquit
1503 4503 1512 4559 :
1544 4469 1755 4559 «Videor

329 4619 535 4741 equidem
559 4618 665 4709 mihi
686 4649 765 4740 per
786 4616 990 4708 florentia
1012 4641 1155 4708 roseta
1177 4618 1475 4733 obambulare,
1502 4617 1549 4708 in
1573 4618 1754 4708 nomine

334 4768 508 4859 Domini
534 4767 673 4859 nostri
694 4774 794 4859 lesu
818 4767 995 4861 Christi.
1026 4806 1049 4853 »
1075 4768 1196 4877 Quid
1218 4768 1409 4858 dicemus
1431 4769 1486 4858 de
1504 4767 1754 4890 Virginibus
