4776 6390
810 674 1024 783 ..95-

199 883 395 1007 repulisti
422 915 503 975 nos
528 907 573 975 et
601 885 849 976 destruxisti
871 916 1044 1000 nos....,
1073 885 1134 975 ita
1156 884 1351 975 liniendo
1375 908 1421 976 et
1450 889 1626 979 conclu·

198 1035 344 1126 dendo
367 1064 615 1125 sermonem
638 1066 794 1125 suum:
823 1034 975 1126 Melius
997 1056 1062 1125 est
1079 1065 1159 1125 nos
1183 1033 1253 1124 bic
1277 1064 1358 1157 pro
1383 1037 1509 1158 culpa
1524 1036 1626 1128 bre-

198 1216 298 1276 vem
329 1183 543 1306 suscipere
574 1215 763 1305 poenam,
797 1216 928 1306 quam
958 1183 1131 1275 aeternis
1161 1183 1320 1275 servari
1349 1185 1622 1277 cruciatibus.

201 1340 323 1425 Tunc
344 1333 455 1424 dixit
479 1368 488 1424 :
520 1370 544 1419 ι
564 1333 816 1425 Charissimi
843 1341 989 1425 Patres
1012 1356 1058 1423 et
1085 1339 1264 1448 Fratres,
1293 1335 1413 1455 quod
1436 1334 1628 1426 videritis

201 1514 271 1573 me
294 1482 452 1599 facere,
469 1480 598 1574 facite
622 1484 803 1574 obsecro
829 1506 875 1574 et
890 1513 980 1574 vos.
1005 1519 1028 1567 »
1057 1482 1299 1604 Statimque
1324 1513 1504 1605 surgens
1526 1515 1625 1606 per·
1655 1519 1799 1633 ,agappa
1822 1534 1917 1572 reon.

200 1631 313 1723 rexit
345 1633 400 1722 ad
429 1632 646 1722 seniorem
678 1637 843 1724 Domus
870 1639 994 1757 juxta
1024 1665 1068 1724 se
1100 1635 1322 1725 sedentem
1352 1649 1380 1749 ¹,
1410 1666 1459 1725 ac
1483 1667 1629 1757 genua

199 1778 377 1871 flectens
399 1812 547 1871 coram
572 1812 643 1896 eo,
663 1781 887 1872 humiliter
909 1782 1035 1905 petiit
1057 1783 1230 1874 veniam
1247 1806 1293 1874 et
1309 1783 1627 1907 indulgentiam

200 1960 282 2052 pro
304 1929 509 2022 omnibus
530 1930 615 2021 suis
639 1931 880 2023 excessibus
896 1955 943 2022 et
958 1932 1156 2053 peccatis,
1174 1956 1326 2023 contra
1343 1965 1446 2024 eum
1463 1935 1627 2057 aliqua·

200 2078 299 2171 liter
336 2079 571 2170 commissis
604 2080 751 2196 corde,
785 2110 878 2195 ore,
914 2083 983 2171 vel
1021 2113 1169 2204 opere.
1207 2087 1256 2172 Et
1284 2083 1441 2172 eodeni
1474 2084 1625 2200 modo,

200 2230 310 2319 alter
339 2260 384 2319 se
412 2229 566 2320 habuit
599 2230 654 2319 ad
687 2260 806 2344 eum,
840 2251 993 2351 petens
1024 2231 1198 2320 veniam
1227 2262 1309 2352 pro
1342 2232 1440 2322 suis.
1485 2238 1534 2323 Et
1571 2235 1628 2324 sic

199 2379 439 2501 procedens
467 2384 595 2468 Pater
616 2408 696 2498 per
709 2379 893 2468 chorum
911 2409 1037 2468 suum
1060 2379 1218 2500 prim0,
1240 2380 1397 2471 deinde
1420 2382 1466 2471 in
1489 2384 1627 2473 altero

199 2529 352 2644 choro,
372 2529 524 2617 eadem
549 2526 675 2649 petiit
705 2528 760 2620 ab
786 2559 1056 2650 unoquoque
1078 2528 1295 2649 sigillatim
1312 2562 1391 2651 per
1407 2563 1466 2646 se,
1488 2533 1628 2622 donec

198 2677 368 2768 veniret
394 2678 449 2767 ad
473 2677 678 2768 ultimum
704 2683 993 2792 Conversum,
1014 2677 1275 2768 amarissime
1301 2682 1475 2801 plorans
1498 2712 1628 2804 super
1686 2699 1754 2753 ⁶02¹·
1769 2715 1831 2766 uu
1851 2701 1889 2753 ¹⁵·

198 2827 404 2948 singulos.
434 2831 483 2916 Et
507 2825 704 2917 similiter
724 2858 876 2917 omnes
901 2827 1197 2948 sequebantur
1225 2860 1328 2918 eum
1360 2830 1623 2947 alternatim,

198 2976 355 3098 singuli
387 2998 586 3098 petentes
616 3007 642 3066 a
672 2975 849 3096 singulis
876 2975 1061 3066 veniam.
1092 2983 1137 3068 O
1162 3001 1350 3099 quantus
1379 2979 1439 3069 ibi
1466 2982 1624 3096 luctus,

198 3148 373 3248 quantae
402 3123 588 3248 profusae
622 3127 846 3247 lacrymae!
873 3131 986 3215 Vere
1010 3157 1096 3216 vox
1125 3126 1171 3217 in
1197 3134 1329 3217 Rama
1351 3128 1498 3219 audita
1521 3152 1627 3220 tunc

197 3298 306 3392 erat,
327 3276 519 3398 ploratus
542 3298 588 3366 et
603 3277 792 3366 ululatus
815 3277 996 3391 multus;
1027 3277 1183 3366 Rachel
1204 3279 1378 3397 plorans
1400 3277 1511 3368 filios
1528 3309 1627 3370 suos
1677 3306 1913 3372 mmmm.

196 3424 566 3517 inconsolabiliter
611 3447 657 3514 et
699 3424 1088 3515 irremediabilibus
1129 3425 1342 3547 lacrymis,
1386 3427 1627 3547 praevidens

198 3577 311 3665 mala
332 3574 392 3665 eis
414 3573 704 3665 imminentia.
732 3575 802 3664 Ab
829 3575 912 3664 hoc
934 3573 1019 3690 die,
1039 3575 1114 3696 qui
1137 3576 1306 3665 vultum
1332 3576 1466 3666 sancti
1491 3577 1627 3668 Patris

197 3725 334 3815 nostri
356 3724 538 3816 intuitus
563 3722 712 3814 suisset
728 3722 819 3846 (qui
836 3723 1012 3844 quidem
1036 3746 1163 3813 antea
1186 3723 1246 3815 ob
1262 3725 1625 3849 qualemcumque

197 3896 405 3966 eventum
436 3874 483 3964 in
508 3874 674 3965 diversa
697 3904 923 3995 nunquam
951 3873 1234 3994 mutabatur),
1257 3874 1443 3966 scivisset
1471 3877 1624 3999 utique

198 4056 295 4146 quae
316 4046 360 4113 et
377 4023 513 4145 qualis
538 4024 663 4145 plaga
684 4023 818 4113 modo
841 4023 1045 4145 tetigerat
1061 4055 1137 4114 cor
1152 4028 1258 4147 ejus.
1289 4024 1426 4115 Facies
1443 4027 1562 4117 enim
1579 4051 1625 4118 et

193 4175 315 4265 color
358 4173 628 4288 immutatus,
668 4173 914 4265 declarabat
960 4171 1184 4264 internum
1229 4172 1363 4263 animi
1403 4174 1619 4267 dolorem.

196 4321 470 4416 Circumfusa
492 4345 587 4413 erat
610 4322 705 4413 viro
731 4323 904 4414 interna
926 4324 1123 4444 quaedam
1147 4322 1365 4439 moestitia,
1393 4345 1438 4413 et
1463 4325 1624 4416 horror
1655 4432 1663 4468 ι
1713 4435 1723 4470 Ι
1895 4374 1905 4409 1

196 4471 405 4594 corporis,
433 4503 513 4594 per
541 4502 674 4593 quem
707 4470 958 4565 manifestus
989 4472 1292 4593 aspicientibus
1324 4473 1451 4563 dolor
1483 4475 1625 4565 cordis
1746 4455 1753 4470 ⁹

195 4627 290 4746 ejus
311 4619 598 4713 efficiebatur.

258 4770 405 4862 Tertia
429 4801 534 4862 vero
557 4771 814 4862 adveniente
839 4771 924 4889 die,
943 4803 1029 4892 qua
1055 4770 1180 4861 Missa
1200 4771 1254 4861 de
1277 4771 1439 4894 Spiritu
1466 4778 1625 4863 Sancto
