<?xml version="1.0" encoding="UTF-8"?>
<!DOCTYPE html PUBLIC "-//W3C//DTD XHTML 1.0 Transitional//EN"
    "http://www.w3.org/TR/xhtml1/DTD/xhtml1-transitional.dtd">
<html xmlns="http://www.w3.org/1999/xhtml" xml:lang="en" lang="en">
 <head>
  <title>
</title>
<meta http-equiv="Content-Type" content="text/html;charset=utf-8" />
  <meta name='ocr-system' content='tesseract 3.04.00' />
  <meta name='ocr-capabilities' content='ocr_page ocr_carea ocr_par ocr_line ocrx_word'/>
</head>
<body>
  <div class='ocr_page' id='page_1' title='image "./historiaaliquot00chaugoog_0152.png"; bbox 0 0 4740 6414; ppageno 0'>
   <div class='ocr_carea' id='block_1_1' title="bbox 996 671 1238 754">
    <p class='ocr_par' dir='ltr' id='par_1_1' title="bbox 996 671 1238 754">
     <span class='ocr_line' id='line_1_1' title="bbox 996 671 1238 754; baseline 0.004 -1"><span class='ocrx_word' id='word_1_1' title='bbox 996 671 1238 754; x_wconf 80' lang='lat'><strong>-115-</strong></span> 
     </span>
    </p>
   </div>
   <div class='ocr_carea' id='block_1_2' title="bbox 401 880 2119 1602">
    <p class='ocr_par' dir='ltr' id='par_1_2' title="bbox 401 880 2119 1602">
     <span class='ocr_line' id='line_1_2' title="bbox 461 880 1828 1006; baseline -0.001 -32"><span class='ocrx_word' id='word_1_2' title='bbox 461 889 590 974; x_wconf 90' lang='lat' dir='ltr'>Nunc</span> <span class='ocrx_word' id='word_1_3' title='bbox 620 881 740 973; x_wconf 88' lang='lat' dir='ltr'>enim</span> <span class='ocrx_word' id='word_1_4' title='bbox 771 881 926 973; x_wconf 90' lang='lat' dir='ltr'>cecidit</span> <span class='ocrx_word' id='word_1_5' title='bbox 947 911 1112 972; x_wconf 86' lang='lat' dir='ltr'>corona</span> <span class='ocrx_word' id='word_1_6' title='bbox 1136 880 1285 1002; x_wconf 89' lang='lat' dir='ltr'>capitis</span> <span class='ocrx_word' id='word_1_7' title='bbox 1306 881 1459 972; x_wconf 86' lang='lat' dir='ltr'><strong>nostri.</strong></span> <span class='ocrx_word' id='word_1_8' title='bbox 1495 881 1639 974; x_wconf 83' lang='lat' dir='ltr'>Divisa</span> <span class='ocrx_word' id='word_1_9' title='bbox 1666 883 1828 1006; x_wconf 90' lang='lat' dir='ltr'>quippe</span> 
     </span>
     <span class='ocr_line' id='line_1_3' title="bbox 402 1030 2119 1176; baseline 0.004 -52"><span class='ocrx_word' id='word_1_10' title='bbox 402 1056 464 1127; x_wconf 86' lang='lat' dir='ltr'>est</span> <span class='ocrx_word' id='word_1_11' title='bbox 493 1033 682 1124; x_wconf 90' lang='lat' dir='ltr'>maceria</span> <span class='ocrx_word' id='word_1_12' title='bbox 710 1067 719 1122; x_wconf 93' lang='lat'>:</span> <span class='ocrx_word' id='word_1_13' title='bbox 754 1063 844 1123; x_wconf 86' lang='lat' dir='ltr'>una</span> <span class='ocrx_word' id='word_1_14' title='bbox 869 1063 968 1154; x_wconf 90' lang='lat' dir='ltr'>pars</span> <span class='ocrx_word' id='word_1_15' title='bbox 991 1030 1256 1152; x_wconf 84' lang='lat' dir='ltr'>sequebatur</span> <span class='ocrx_word' id='word_1_16' title='bbox 1279 1032 1514 1124; x_wconf 87' lang='lat' dir='ltr'>Jeroboam</span> <span class='ocrx_word' id='word_1_17' title='bbox 1545 1032 1620 1153; x_wconf 93' lang='lat' dir='ltr'>qui</span> <span class='ocrx_word' id='word_1_18' title='bbox 1650 1062 1829 1154; x_wconf 89' lang='lat' dir='ltr'>peccare</span> <span class='ocrx_word' id='word_1_19' title='bbox 1856 1060 1949 1176; x_wconf 76' lang='lat' dir='ltr'>20¹.¹s¹0&#39;.</span> <span class='ocrx_word' id='word_1_20' title='bbox 1969 1062 2041 1130; x_wconf 77' lang='lat' dir='ltr'>Res·</span> <span class='ocrx_word' id='word_1_21' title='bbox 2070 1079 2119 1130; x_wconf 73' lang='grc' dir='ltr'>ιιι,</span> 
     </span>
     <span class='ocr_line' id='line_1_4' title="bbox 401 1180 1829 1299; baseline 0 -25"><span class='ocrx_word' id='word_1_22' title='bbox 401 1180 559 1275; x_wconf 82' lang='lat' dir='ltr'>fecerat</span> <span class='ocrx_word' id='word_1_23' title='bbox 596 1184 739 1299; x_wconf 88' lang='lat' dir='ltr'>lsrael,</span> <span class='ocrx_word' id='word_1_24' title='bbox 766 1183 974 1273; x_wconf 87' lang='lat' dir='ltr'>etaltera</span> <span class='ocrx_word' id='word_1_25' title='bbox 1008 1180 1185 1272; x_wconf 87' lang='lat' dir='ltr'>adhaesit</span> <span class='ocrx_word' id='word_1_26' title='bbox 1210 1180 1361 1271; x_wconf 94' lang='lat' dir='ltr'>domui</span> <span class='ocrx_word' id='word_1_27' title='bbox 1393 1181 1546 1297; x_wconf 84' lang='lat' dir='ltr'>David,</span> <span class='ocrx_word' id='word_1_28' title='bbox 1580 1212 1829 1274; x_wconf 86' lang='lat' dir='ltr'>memorans</span> 
     </span>
     <span class='ocr_line' id='line_1_5' title="bbox 401 1331 1829 1456; baseline -0.001 -32"><span class='ocrx_word' id='word_1_29' title='bbox 401 1332 571 1456; x_wconf 73' lang='lat' dir='ltr'>justitiae</span> <span class='ocrx_word' id='word_1_30' title='bbox 592 1332 675 1423; x_wconf 91' lang='lat' dir='ltr'>Dei</span> <span class='ocrx_word' id='word_1_31' title='bbox 699 1332 830 1423; x_wconf 90' lang='lat' dir='ltr'>solius</span> <span class='ocrx_word' id='word_1_32' title='bbox 857 1362 989 1453; x_wconf 93' lang='lat' dir='ltr'>quam</span> <span class='ocrx_word' id='word_1_33' title='bbox 1015 1331 1164 1422; x_wconf 78' lang='lat' dir='ltr'>didicit</span> <span class='ocrx_word' id='word_1_34' title='bbox 1187 1362 1212 1421; x_wconf 96' lang='lat' dir='ltr'>a</span> <span class='ocrx_word' id='word_1_35' title='bbox 1235 1336 1466 1455; x_wconf 84' lang='lat' dir='ltr'>juventute</span> <span class='ocrx_word' id='word_1_36' title='bbox 1489 1365 1579 1424; x_wconf 90' lang='lat' dir='ltr'>sua.</span> <span class='ocrx_word' id='word_1_37' title='bbox 1610 1338 1710 1424; x_wconf 88' lang='lat' dir='ltr'>Una</span> <span class='ocrx_word' id='word_1_38' title='bbox 1730 1361 1829 1455; x_wconf 88' lang='lat' dir='ltr'>pars</span> 
     </span>
     <span class='ocr_line' id='line_1_6' title="bbox 402 1479 2117 1602; baseline 0.005 -30"><span class='ocrx_word' id='word_1_39' title='bbox 402 1484 671 1598; x_wconf 84' lang='lat' dir='ltr'>Conventus,</span> <span class='ocrx_word' id='word_1_40' title='bbox 697 1480 893 1572; x_wconf 82' lang='lat' dir='ltr'>videntes</span> <span class='ocrx_word' id='word_1_41' title='bbox 926 1479 1171 1601; x_wconf 83' lang='lat' dir='ltr'>angustiam</span> <span class='ocrx_word' id='word_1_42' title='bbox 1202 1480 1282 1597; x_wconf 93' lang='lat' dir='ltr'>rei,</span> <span class='ocrx_word' id='word_1_43' title='bbox 1310 1481 1554 1602; x_wconf 92' lang='lat' dir='ltr'>periculum</span> <span class='ocrx_word' id='word_1_44' title='bbox 1583 1483 1828 1574; x_wconf 90' lang='lat' dir='ltr'>subversio·</span> <span class='ocrx_word' id='word_1_45' title='bbox 1871 1512 1937 1564; x_wconf 70' lang='lat' dir='ltr'>tm</span> <span class='ocrx_word' id='word_1_46' title='bbox 1948 1513 2117 1580; x_wconf 70' lang='lat' dir='ltr'>convenas,</span> 
     </span>
    </p>
   </div>
   <div class='ocr_carea' id='block_1_3' title="bbox 1854 1574 2118 1643">
    <p class='ocr_par' dir='ltr' id='par_1_3' title="bbox 1854 1574 2118 1643">
     <span class='ocr_line' id='line_1_7' title="bbox 1854 1574 2118 1643; baseline 0.019 -19"><span class='ocrx_word' id='word_1_47' title='bbox 1854 1574 1984 1627; x_wconf 79' lang='lat' dir='ltr'>simulata</span> <span class='ocrx_word' id='word_1_48' title='bbox 2001 1587 2118 1643; x_wconf 82' lang='lat' dir='ltr'>tantum,</span> 
     </span>
    </p>
   </div>
   <div class='ocr_carea' id='block_1_4' title="bbox 384 1628 2115 3103">
    <p class='ocr_par' dir='ltr' id='par_1_4' title="bbox 384 1628 2115 3103">
     <span class='ocr_line' id='line_1_8' title="bbox 400 1628 2105 1754; baseline 0 -31"><span class='ocrx_word' id='word_1_49' title='bbox 400 1630 462 1722; x_wconf 90' lang='lat' dir='ltr'>nis</span> <span class='ocrx_word' id='word_1_50' title='bbox 495 1635 664 1723; x_wconf 91' lang='lat' dir='ltr'>Domus</span> <span class='ocrx_word' id='word_1_51' title='bbox 696 1630 944 1746; x_wconf 84' lang='lat' dir='ltr'>imminens,</span> <span class='ocrx_word' id='word_1_52' title='bbox 968 1651 1013 1720; x_wconf 89' lang='lat' dir='ltr'>et</span> <span class='ocrx_word' id='word_1_53' title='bbox 1040 1631 1160 1752; x_wconf 92' lang='lat' dir='ltr'>quod</span> <span class='ocrx_word' id='word_1_54' title='bbox 1187 1628 1295 1720; x_wconf 88' lang='lat' dir='ltr'>nihil</span> <span class='ocrx_word' id='word_1_55' title='bbox 1325 1630 1592 1752; x_wconf 86' lang='lat' dir='ltr'>profecerint</span> <span class='ocrx_word' id='word_1_56' title='bbox 1624 1632 1671 1721; x_wconf 92' lang='lat' dir='ltr'>in</span> <span class='ocrx_word' id='word_1_57' title='bbox 1702 1632 1828 1724; x_wconf 92' lang='lat' dir='ltr'>resis-</span> <span class='ocrx_word' id='word_1_58' title='bbox 1855 1636 2105 1754; x_wconf 54' lang='lat' dir='ltr'>{ssltgtgjmggssgg</span> 
     </span>
     <span class='ocr_line' id='line_1_9' title="bbox 397 1781 1824 1902; baseline 0.001 -30"><span class='ocrx_word' id='word_1_59' title='bbox 397 1783 550 1898; x_wconf 91' lang='lat' dir='ltr'>tendo,</span> <span class='ocrx_word' id='word_1_60' title='bbox 577 1783 654 1873; x_wconf 90' lang='lat' dir='ltr'>sed</span> <span class='ocrx_word' id='word_1_61' title='bbox 681 1803 800 1871; x_wconf 91' lang='lat' dir='ltr'>totus</span> <span class='ocrx_word' id='word_1_62' title='bbox 831 1782 1020 1871; x_wconf 90' lang='lat' dir='ltr'>mundus</span> <span class='ocrx_word' id='word_1_63' title='bbox 1044 1803 1143 1902; x_wconf 93' lang='lat' dir='ltr'>post</span> <span class='ocrx_word' id='word_1_64' title='bbox 1174 1787 1336 1902; x_wconf 86' lang='lat' dir='ltr'>Regem</span> <span class='ocrx_word' id='word_1_65' title='bbox 1358 1781 1480 1898; x_wconf 89' lang='lat' dir='ltr'>abiit,</span> <span class='ocrx_word' id='word_1_66' title='bbox 1510 1782 1641 1873; x_wconf 88' lang='lat' dir='ltr'>taedio</span> <span class='ocrx_word' id='word_1_67' title='bbox 1667 1782 1824 1899; x_wconf 87' lang='lat' dir='ltr'>affecti,</span> 
     </span>
     <span class='ocr_line' id='line_1_10' title="bbox 392 1928 1829 2050; baseline 0.001 -29"><span class='ocrx_word' id='word_1_68' title='bbox 392 1931 710 2022; x_wconf 90' lang='lat' dir='ltr'>commiserunt</span> <span class='ocrx_word' id='word_1_69' title='bbox 730 1960 775 2020; x_wconf 90' lang='lat' dir='ltr'>se</span> <span class='ocrx_word' id='word_1_70' title='bbox 798 1929 844 2019; x_wconf 91' lang='lat' dir='ltr'>in</span> <span class='ocrx_word' id='word_1_71' title='bbox 867 1928 1061 2050; x_wconf 93' lang='lat' dir='ltr'>periculo</span> <span class='ocrx_word' id='word_1_72' title='bbox 1083 1929 1387 2021; x_wconf 88' lang='lat' dir='ltr'>misericordiae</span> <span class='ocrx_word' id='word_1_73' title='bbox 1413 1930 1584 2049; x_wconf 79' lang='lat' dir='ltr'>divinae,</span> <span class='ocrx_word' id='word_1_74' title='bbox 1610 1933 1710 2023; x_wconf 92' lang='lat' dir='ltr'>licet</span> <span class='ocrx_word' id='word_1_75' title='bbox 1735 1964 1829 2023; x_wconf 91' lang='lat' dir='ltr'>non</span> 
     </span>
     <span class='ocr_line' id='line_1_11' title="bbox 389 2078 1827 2202; baseline 0.001 -30"><span class='ocrx_word' id='word_1_76' title='bbox 389 2080 558 2202; x_wconf 84' lang='lat' dir='ltr'>absque</span> <span class='ocrx_word' id='word_1_77' title='bbox 584 2080 706 2202; x_wconf 83' lang='lat' dir='ltr'>gravi</span> <span class='ocrx_word' id='word_1_78' title='bbox 727 2078 1090 2170; x_wconf 82' lang='lat' dir='ltr'>conscientiarum</span> <span class='ocrx_word' id='word_1_79' title='bbox 1112 2110 1287 2170; x_wconf 91' lang='lat' dir='ltr'>suarum</span> <span class='ocrx_word' id='word_1_80' title='bbox 1310 2080 1500 2198; x_wconf 87' lang='lat' dir='ltr'>laesione,</span> <span class='ocrx_word' id='word_1_81' title='bbox 1525 2104 1690 2173; x_wconf 91' lang='lat' dir='ltr'>etcum</span> <span class='ocrx_word' id='word_1_82' title='bbox 1714 2083 1827 2173; x_wconf 91' lang='lat' dir='ltr'>mul-</span> 
     </span>
     <span class='ocr_line' id='line_1_12' title="bbox 386 2228 1827 2353; baseline -0.001 -31"><span class='ocrx_word' id='word_1_83' title='bbox 386 2229 449 2322; x_wconf 89' lang='lat' dir='ltr'>tis</span> <span class='ocrx_word' id='word_1_84' title='bbox 478 2230 679 2353; x_wconf 90' lang='lat' dir='ltr'>lacrymis</span> <span class='ocrx_word' id='word_1_85' title='bbox 708 2228 1029 2320; x_wconf 88' lang='lat' dir='ltr'>consentientes</span> <span class='ocrx_word' id='word_1_86' title='bbox 1060 2228 1190 2350; x_wconf 87' lang='lat' dir='ltr'>regiae</span> <span class='ocrx_word' id='word_1_87' title='bbox 1218 2230 1434 2320; x_wconf 90' lang='lat' dir='ltr'>voluntati</span> <span class='ocrx_word' id='word_1_88' title='bbox 1461 2265 1469 2320; x_wconf 94' lang='lat'><strong>:</strong></span> <span class='ocrx_word' id='word_1_89' title='bbox 1501 2231 1632 2352; x_wconf 90' lang='lat' dir='ltr'>idque</span> <span class='ocrx_word' id='word_1_90' title='bbox 1659 2233 1717 2323; x_wconf 97' lang='lat' dir='ltr'>ob</span> <span class='ocrx_word' id='word_1_91' title='bbox 1744 2234 1827 2322; x_wconf 92' lang='lat' dir='ltr'>hoc</span> 
     </span>
     <span class='ocr_line' id='line_1_13' title="bbox 384 2378 2105 2503; baseline 0.003 -32"><span class='ocrx_word' id='word_1_92' title='bbox 384 2381 689 2495; x_wconf 88' lang='lat' dir='ltr'>solummodo,</span> <span class='ocrx_word' id='word_1_93' title='bbox 710 2410 767 2469; x_wconf 90' lang='lat' dir='ltr'>ne</span> <span class='ocrx_word' id='word_1_94' title='bbox 783 2379 1004 2468; x_wconf 93' lang='lat' dir='ltr'>deleretur</span> <span class='ocrx_word' id='word_1_95' title='bbox 1024 2409 1112 2468; x_wconf 90' lang='lat' dir='ltr'>una</span> <span class='ocrx_word' id='word_1_96' title='bbox 1140 2378 1278 2470; x_wconf 91' lang='lat' dir='ltr'>tribus</span> <span class='ocrx_word' id='word_1_97' title='bbox 1302 2410 1354 2469; x_wconf 88' lang='lat' dir='ltr'>ex</span> <span class='ocrx_word' id='word_1_98' title='bbox 1381 2382 1523 2470; x_wconf 88' lang='lat' dir='ltr'>lsrael.</span> <span class='ocrx_word' id='word_1_99' title='bbox 1552 2390 1828 2503; x_wconf 87' lang='lat' dir='ltr'>Acceperunt</span> <span class='ocrx_word' id='word_1_100' title='bbox 1883 2406 1978 2461; x_wconf 60' lang='lat' dir='ltr'>tuat·</span> <span class='ocrx_word' id='word_1_101' title='bbox 1992 2420 2048 2475; x_wconf 72' lang='lat' dir='ltr'>m,</span> <span class='ocrx_word' id='word_1_102' title='bbox 2064 2423 2105 2477; x_wconf 87' lang='lat'>¹7·</span> 
     </span>
     <span class='ocr_line' id='line_1_14' title="bbox 385 2527 1827 2652; baseline -0.001 -29"><span class='ocrx_word' id='word_1_103' title='bbox 385 2551 716 2623; x_wconf 88' lang='lat' dir='ltr'>sacramentum</span> <span class='ocrx_word' id='word_1_104' title='bbox 738 2527 991 2652; x_wconf 87' lang='lat' dir='ltr'>juramenti,</span> <span class='ocrx_word' id='word_1_105' title='bbox 1017 2527 1208 2618; x_wconf 92' lang='lat' dir='ltr'>dicentes</span> <span class='ocrx_word' id='word_1_106' title='bbox 1232 2528 1278 2618; x_wconf 91' lang='lat' dir='ltr'>in</span> <span class='ocrx_word' id='word_1_107' title='bbox 1301 2529 1503 2620; x_wconf 90' lang='lat' dir='ltr'>cordibus</span> <span class='ocrx_word' id='word_1_108' title='bbox 1525 2531 1610 2621; x_wconf 91' lang='lat' dir='ltr'>suis</span> <span class='ocrx_word' id='word_1_109' title='bbox 1634 2531 1827 2622; x_wconf 92' lang='lat' dir='ltr'>Domino</span> 
     </span>
     <span class='ocr_line' id='line_1_15' title="bbox 388 2677 1828 2801; baseline -0.001 -29"><span class='ocrx_word' id='word_1_110' title='bbox 388 2681 501 2772; x_wconf 90' lang='lat' dir='ltr'>dum</span> <span class='ocrx_word' id='word_1_111' title='bbox 528 2678 861 2801; x_wconf 88' lang='lat' dir='ltr'>proponebatur</span> <span class='ocrx_word' id='word_1_112' title='bbox 889 2711 898 2767; x_wconf 93' lang='lat'>:</span> <span class='ocrx_word' id='word_1_113' title='bbox 930 2684 1049 2768; x_wconf 86' lang='lat' dir='ltr'>«Tu</span> <span class='ocrx_word' id='word_1_114' title='bbox 1081 2677 1173 2793; x_wconf 89' lang='lat' dir='ltr'>scis,</span> <span class='ocrx_word' id='word_1_115' title='bbox 1203 2678 1408 2794; x_wconf 88' lang='lat' dir='ltr'>Domine,</span> <span class='ocrx_word' id='word_1_116' title='bbox 1437 2711 1568 2800; x_wconf 90' lang='lat' dir='ltr'>quarn</span> <span class='ocrx_word' id='word_1_117' title='bbox 1594 2680 1750 2771; x_wconf 89' lang='lat' dir='ltr'>salsum</span> <span class='ocrx_word' id='word_1_118' title='bbox 1781 2702 1828 2772; x_wconf 86' lang='lat' dir='ltr'>et</span> 
     </span>
     <span class='ocr_line' id='line_1_16' title="bbox 387 2826 1822 2951; baseline -0.001 -30"><span class='ocrx_word' id='word_1_119' title='bbox 387 2829 597 2951; x_wconf 90' lang='lat' dir='ltr'>iniquum</span> <span class='ocrx_word' id='word_1_120' title='bbox 630 2828 684 2918; x_wconf 92' lang='lat' dir='ltr'>sit</span> <span class='ocrx_word' id='word_1_121' title='bbox 715 2829 835 2949; x_wconf 93' lang='lat' dir='ltr'>quod</span> <span class='ocrx_word' id='word_1_122' title='bbox 864 2826 932 2917; x_wconf 91' lang='lat' dir='ltr'>isti</span> <span class='ocrx_word' id='word_1_123' title='bbox 966 2849 1233 2948; x_wconf 88' lang='lat' dir='ltr'>extorquent</span> <span class='ocrx_word' id='word_1_124' title='bbox 1258 2859 1283 2918; x_wconf 91' lang='lat' dir='ltr'>a</span> <span class='ocrx_word' id='word_1_125' title='bbox 1309 2828 1455 2945; x_wconf 89' lang='lat' dir='ltr'>nobis;</span> <span class='ocrx_word' id='word_1_126' title='bbox 1484 2829 1650 2920; x_wconf 90' lang='lat' dir='ltr'>Tuscis</span> <span class='ocrx_word' id='word_1_127' title='bbox 1675 2830 1822 2946; x_wconf 90' lang='lat' dir='ltr'>etiam,</span> 
     </span>
     <span class='ocr_line' id='line_1_17' title="bbox 390 2976 2115 3103; baseline 0.001 -33"><span class='ocrx_word' id='word_1_128' title='bbox 390 3003 506 3102; x_wconf 92' lang='lat' dir='ltr'>quot</span> <span class='ocrx_word' id='word_1_129' title='bbox 528 2978 796 3103; x_wconf 84' lang='lat' dir='ltr'>exceptiones,</span> <span class='ocrx_word' id='word_1_130' title='bbox 826 2976 1115 3070; x_wconf 79' lang='lat' dir='ltr'>alleviationes</span> <span class='ocrx_word' id='word_1_131' title='bbox 1148 3010 1199 3066; x_wconf 87' lang='lat' dir='ltr'>aa</span> <span class='ocrx_word' id='word_1_132' title='bbox 1232 2977 1442 3102; x_wconf 80' lang='lat' dir='ltr'>epikeias*</span> <span class='ocrx_word' id='word_1_133' title='bbox 1472 2979 1760 3102; x_wconf 82' lang='lat' dir='ltr'>allegavimus,</span> <span class='ocrx_word' id='word_1_134' title='bbox 1786 3003 1831 3070; x_wconf 87' lang='lat' dir='ltr'>et</span> <span class='ocrx_word' id='word_1_135' title='bbox 1885 3015 2039 3091; x_wconf 53' lang='lat' dir='ltr'>*aprina</span> <span class='ocrx_word' id='word_1_136' title='bbox 2059 3020 2076 3071; x_wconf 84' lang='lat' dir='ltr'>t.</span> <span class='ocrx_word' id='word_1_137' title='bbox 2092 3037 2115 3072; x_wconf 71' lang='lat' dir='ltr'>e.</span> 
     </span>
    </p>
   </div>
   <div class='ocr_carea' id='block_1_5' title="bbox 1854 3077 2117 3149">
    <p class='ocr_par' dir='ltr' id='par_1_5' title="bbox 1854 3077 2117 3149">
     <span class='ocr_line' id='line_1_18' title="bbox 1854 3077 2117 3149; baseline 0.023 -21"><span class='ocrx_word' id='word_1_138' title='bbox 1854 3077 1972 3145; x_wconf 81' lang='lat' dir='ltr'>benigna</span> <span class='ocrx_word' id='word_1_139' title='bbox 1987 3088 2117 3149; x_wconf 82' lang='lat' dir='ltr'>interpre-</span> 
     </span>
    </p>
   </div>
   <div class='ocr_carea' id='block_1_6' title="bbox 393 3126 2119 3250">
    <p class='ocr_par' dir='ltr' id='par_1_6' title="bbox 393 3126 2119 3250">
     <span class='ocr_line' id='line_1_19' title="bbox 393 3126 2119 3250; baseline -0.002 -31"><span class='ocrx_word' id='word_1_140' title='bbox 393 3129 468 3220; x_wconf 87' lang='lat' dir='ltr'>illi</span> <span class='ocrx_word' id='word_1_141' title='bbox 487 3127 607 3219; x_wconf 87' lang='lat' dir='ltr'>nobis</span> <span class='ocrx_word' id='word_1_142' title='bbox 631 3149 945 3240; x_wconf 86' lang='lat' dir='ltr'>consenserunt;</span> <span class='ocrx_word' id='word_1_143' title='bbox 980 3133 1047 3216; x_wconf 90' lang='lat' dir='ltr'>Tu</span> <span class='ocrx_word' id='word_1_144' title='bbox 1080 3126 1257 3248; x_wconf 90' lang='lat' dir='ltr'>insuper</span> <span class='ocrx_word' id='word_1_145' title='bbox 1285 3127 1404 3218; x_wconf 86' lang='lat' dir='ltr'>vides</span> <span class='ocrx_word' id='word_1_146' title='bbox 1437 3129 1682 3250; x_wconf 83' lang='lat' dir='ltr'>angustiam</span> <span class='ocrx_word' id='word_1_147' title='bbox 1712 3153 1825 3220; x_wconf 92' lang='lat' dir='ltr'>tem·</span> <span class='ocrx_word' id='word_1_148' title='bbox 1853 3140 1921 3193; x_wconf 67' lang='lat'>‘0‘1‘0</span> <span class='ocrx_word' id='word_1_149' title='bbox 1938 3141 2010 3208; x_wconf 66' lang='lat' dir='ltr'>md</span> <span class='ocrx_word' id='word_1_150' title='bbox 2024 3145 2052 3194; x_wconf 70' lang='lat' dir='ltr'>a</span> <span class='ocrx_word' id='word_1_151' title='bbox 2067 3146 2119 3197; x_wconf 64' lang='lat'>‘0¹1&#39;</span> 
     </span>
    </p>
   </div>
   <div class='ocr_carea' id='block_1_7' title="bbox 1853 3204 2103 3270">
    <p class='ocr_par' dir='ltr' id='par_1_7' title="bbox 1853 3204 2103 3270">
     <span class='ocr_line' id='line_1_20' title="bbox 1853 3204 2103 3270; baseline 0.012 -17"><span class='ocrx_word' id='word_1_152' title='bbox 1853 3215 1918 3254; x_wconf 83' lang='lat' dir='ltr'>casu</span> <span class='ocrx_word' id='word_1_153' title='bbox 1958 3204 2103 3270; x_wconf 79' lang='lat' dir='ltr'>legislator</span> 
     </span>
    </p>
   </div>
   <div class='ocr_carea' id='block_1_8' title="bbox 390 3264 2117 3401">
    <p class='ocr_par' dir='ltr' id='par_1_8' title="bbox 390 3264 2117 3401">
     <span class='ocr_line' id='line_1_21' title="bbox 390 3264 2117 3401; baseline 0.001 -31"><span class='ocrx_word' id='word_1_154' title='bbox 390 3279 525 3401; x_wconf 87' lang='lat' dir='ltr'>poris,</span> <span class='ocrx_word' id='word_1_155' title='bbox 551 3301 596 3368; x_wconf 93' lang='lat' dir='ltr'>et</span> <span class='ocrx_word' id='word_1_156' title='bbox 628 3279 748 3399; x_wconf 90' lang='lat' dir='ltr'>quod</span> <span class='ocrx_word' id='word_1_157' title='bbox 782 3277 1007 3367; x_wconf 90' lang='lat' dir='ltr'>minantur</span> <span class='ocrx_word' id='word_1_158' title='bbox 1038 3277 1308 3367; x_wconf 84' lang='lat' dir='ltr'>eversionem</span> <span class='ocrx_word' id='word_1_159' title='bbox 1337 3284 1504 3369; x_wconf 92' lang='lat' dir='ltr'>Domus</span> <span class='ocrx_word' id='word_1_160' title='bbox 1536 3280 1686 3370; x_wconf 92' lang='lat' dir='ltr'>sinon</span> <span class='ocrx_word' id='word_1_161' title='bbox 1719 3312 1824 3371; x_wconf 91' lang='lat' dir='ltr'>con·</span> <span class='ocrx_word' id='word_1_162' title='bbox 1852 3264 2117 3391; x_wconf 58' lang='lat' dir='ltr'>iili”‘”‘¹“⁰⁶¹¹&#39;</span> 
     </span>
    </p>
   </div>
   <div class='ocr_carea' id='block_1_9' title="bbox 393 3427 2059 4900">
    <p class='ocr_par' dir='ltr' id='par_1_9' title="bbox 393 3427 2059 3989">
     <span class='ocr_line' id='line_1_22' title="bbox 393 3427 2022 3550; baseline 0.003 -31"><span class='ocrx_word' id='word_1_163' title='bbox 393 3429 669 3520; x_wconf 86' lang='lat' dir='ltr'>senserimus.</span> <span class='ocrx_word' id='word_1_164' title='bbox 706 3428 790 3517; x_wconf 89' lang='lat' dir='ltr'>Sed</span> <span class='ocrx_word' id='word_1_165' title='bbox 821 3427 980 3548; x_wconf 90' lang='lat' dir='ltr'>pellem</span> <span class='ocrx_word' id='word_1_166' title='bbox 1019 3457 1101 3548; x_wconf 93' lang='lat' dir='ltr'>pro</span> <span class='ocrx_word' id='word_1_167' title='bbox 1138 3428 1265 3548; x_wconf 90' lang='lat' dir='ltr'>pelle,</span> <span class='ocrx_word' id='word_1_168' title='bbox 1295 3450 1341 3517; x_wconf 90' lang='lat' dir='ltr'>et</span> <span class='ocrx_word' id='word_1_169' title='bbox 1370 3450 1525 3519; x_wconf 90' lang='lat' dir='ltr'>cuncta</span> <span class='ocrx_word' id='word_1_170' title='bbox 1560 3462 1656 3550; x_wconf 88' lang='lat' dir='ltr'>quae</span> <span class='ocrx_word' id='word_1_171' title='bbox 1692 3430 1826 3521; x_wconf 90' lang='lat' dir='ltr'>habet</span> <span class='ocrx_word' id='word_1_172' title='bbox 1882 3459 1935 3512; x_wconf 70' lang='lat' dir='ltr'>aa</span> <span class='ocrx_word' id='word_1_173' title='bbox 1950 3473 1980 3525; x_wconf 84' lang='grc' dir='ltr'>ιι,</span> <span class='ocrx_word' id='word_1_174' title='bbox 1995 3477 2022 3524; x_wconf 72' lang='lat' dir='ltr'>a</span> 
     </span>
     <span class='ocr_line' id='line_1_23' title="bbox 396 3575 2059 3699; baseline 0.001 -31"><span class='ocrx_word' id='word_1_175' title='bbox 396 3578 548 3695; x_wconf 93' lang='lat' dir='ltr'>homo,</span> <span class='ocrx_word' id='word_1_176' title='bbox 568 3577 689 3667; x_wconf 88' lang='lat' dir='ltr'>dabit</span> <span class='ocrx_word' id='word_1_177' title='bbox 716 3608 799 3699; x_wconf 93' lang='lat' dir='ltr'>pro</span> <span class='ocrx_word' id='word_1_178' title='bbox 830 3576 975 3667; x_wconf 90' lang='lat' dir='ltr'>anima</span> <span class='ocrx_word' id='word_1_179' title='bbox 1005 3608 1104 3692; x_wconf 83' lang='lat' dir='ltr'>sua3</span> <span class='ocrx_word' id='word_1_180' title='bbox 1137 3607 1229 3667; x_wconf 92' lang='lat' dir='ltr'>non</span> <span class='ocrx_word' id='word_1_181' title='bbox 1265 3601 1367 3667; x_wconf 91' lang='lat' dir='ltr'>sunt</span> <span class='ocrx_word' id='word_1_182' title='bbox 1400 3575 1596 3669; x_wconf 87' lang='lat' dir='ltr'>facienda</span> <span class='ocrx_word' id='word_1_183' title='bbox 1632 3582 1744 3671; x_wconf 90' lang='lat' dir='ltr'>mala</span> <span class='ocrx_word' id='word_1_184' title='bbox 1774 3602 1833 3670; x_wconf 18' lang='lat' dir='ltr'>ut]</span> <span class='ocrx_word' id='word_1_185' title='bbox 1882 3609 1962 3662; x_wconf 74' lang='lat' dir='ltr'>nom.</span> <span class='ocrx_word' id='word_1_186' title='bbox 1979 3626 2019 3677; x_wconf 94' lang='grc' dir='ltr'><strong>ιιι,</strong></span> <span class='ocrx_word' id='word_1_187' title='bbox 2035 3612 2059 3665; x_wconf 84' lang='lat' dir='ltr'>a.</span> 
     </span>
     <span class='ocr_line' id='line_1_24' title="bbox 398 3725 1825 3848; baseline 0.001 -31"><span class='ocrx_word' id='word_1_188' title='bbox 398 3728 601 3819; x_wconf 83' lang='lat' dir='ltr'>eveniant</span> <span class='ocrx_word' id='word_1_189' title='bbox 615 3727 747 3819; x_wconf 89' lang='lat' dir='ltr'>bona.</span> <span class='ocrx_word' id='word_1_190' title='bbox 770 3732 886 3818; x_wconf 91' lang='lat' dir='ltr'>Cum</span> <span class='ocrx_word' id='word_1_191' title='bbox 908 3728 1039 3817; x_wconf 89' lang='lat' dir='ltr'>corda</span> <span class='ocrx_word' id='word_1_192' title='bbox 1056 3726 1256 3816; x_wconf 90' lang='lat' dir='ltr'>omnium</span> <span class='ocrx_word' id='word_1_193' title='bbox 1278 3725 1393 3816; x_wconf 90' lang='lat' dir='ltr'>nosti</span> <span class='ocrx_word' id='word_1_194' title='bbox 1417 3750 1463 3817; x_wconf 88' lang='lat' dir='ltr'>et</span> <span class='ocrx_word' id='word_1_195' title='bbox 1488 3758 1620 3848; x_wconf 91' lang='lat' dir='ltr'>quam</span> <span class='ocrx_word' id='word_1_196' title='bbox 1637 3728 1825 3819; x_wconf 89' lang='lat' dir='ltr'>libenter</span> 
     </span>
     <span class='ocr_line' id='line_1_25' title="bbox 399 3875 1824 3989; baseline 0.001 -20"><span class='ocrx_word' id='word_1_197' title='bbox 399 3879 690 3969; x_wconf 89' lang='lat' dir='ltr'>reniteremur</span> <span class='ocrx_word' id='word_1_198' title='bbox 718 3877 791 3989; x_wconf 87' lang='lat' dir='ltr'>eis,</span> <span class='ocrx_word' id='word_1_199' title='bbox 818 3877 1092 3967; x_wconf 89' lang='lat' dir='ltr'>obsecramus</span> <span class='ocrx_word' id='word_1_200' title='bbox 1118 3875 1394 3966; x_wconf 89' lang='lat' dir='ltr'>clementiam</span> <span class='ocrx_word' id='word_1_201' title='bbox 1421 3899 1543 3967; x_wconf 91' lang='lat' dir='ltr'>tuam</span> <span class='ocrx_word' id='word_1_202' title='bbox 1567 3900 1618 3968; x_wconf 92' lang='lat' dir='ltr'>ut</span> <span class='ocrx_word' id='word_1_203' title='bbox 1642 3880 1824 3970; x_wconf 92' lang='lat' dir='ltr'>modum</span> 
     </span>
    </p>

    <p class='ocr_par' dir='ltr' id='par_1_10' title="bbox 398 4023 1824 4297">
     <span class='ocr_line' id='line_1_26' title="bbox 398 4023 1824 4148; baseline 0.002 -32"><span class='ocrx_word' id='word_1_204' title='bbox 398 4027 542 4144; x_wconf 90' lang='lat' dir='ltr'>istum,</span> <span class='ocrx_word' id='word_1_205' title='bbox 563 4059 696 4148; x_wconf 88' lang='lat' dir='ltr'>quem</span> <span class='ocrx_word' id='word_1_206' title='bbox 729 4025 1011 4147; x_wconf 86' lang='lat' dir='ltr'>exsequimur</span> <span class='ocrx_word' id='word_1_207' title='bbox 1039 4023 1276 4116; x_wconf 87' lang='lat' dir='ltr'>forinsecus</span> <span class='ocrx_word' id='word_1_208' title='bbox 1297 4027 1344 4115; x_wconf 92' lang='lat' dir='ltr'>in</span> <span class='ocrx_word' id='word_1_209' title='bbox 1369 4026 1586 4148; x_wconf 90' lang='lat' dir='ltr'>positione</span> <span class='ocrx_word' id='word_1_210' title='bbox 1612 4060 1824 4119; x_wconf 90' lang='lat' dir='ltr'>manuum</span> 
     </span>
     <span class='ocr_line' id='line_1_27' title="bbox 398 4174 1819 4297; baseline 0.002 -30"><span class='ocrx_word' id='word_1_211' title='bbox 398 4198 644 4267; x_wconf 87' lang='lat' dir='ltr'>nostrarum</span> <span class='ocrx_word' id='word_1_212' title='bbox 665 4205 795 4296; x_wconf 92' lang='lat' dir='ltr'>super</span> <span class='ocrx_word' id='word_1_213' title='bbox 816 4174 975 4266; x_wconf 89' lang='lat' dir='ltr'>librum</span> <span class='ocrx_word' id='word_1_214' title='bbox 994 4175 1128 4265; x_wconf 89' lang='lat' dir='ltr'>sancti</span> <span class='ocrx_word' id='word_1_215' title='bbox 1153 4175 1369 4297; x_wconf 86' lang='lat' dir='ltr'>Evangelii</span> <span class='ocrx_word' id='word_1_216' title='bbox 1388 4199 1435 4266; x_wconf 95' lang='lat' dir='ltr'>et</span> <span class='ocrx_word' id='word_1_217' title='bbox 1450 4208 1552 4267; x_wconf 91' lang='lat' dir='ltr'>eum</span> <span class='ocrx_word' id='word_1_218' title='bbox 1569 4181 1819 4296; x_wconf 90' lang='lat' dir='ltr'>osculando,</span> 
     </span>
    </p>

    <p class='ocr_par' dir='ltr' id='par_1_11' title="bbox 398 4323 1824 4601">
     <span class='ocr_line' id='line_1_28' title="bbox 398 4323 1824 4446; baseline 0.003 -31"><span class='ocrx_word' id='word_1_219' title='bbox 398 4354 487 4415; x_wconf 89' lang='lat' dir='ltr'>non</span> <span class='ocrx_word' id='word_1_220' title='bbox 516 4323 730 4446; x_wconf 87' lang='lat' dir='ltr'>respicias,</span> <span class='ocrx_word' id='word_1_221' title='bbox 751 4355 895 4444; x_wconf 92' lang='lat' dir='ltr'>neque</span> <span class='ocrx_word' id='word_1_222' title='bbox 925 4323 1104 4444; x_wconf 89' lang='lat' dir='ltr'>accipias</span> <span class='ocrx_word' id='word_1_223' title='bbox 1134 4324 1253 4445; x_wconf 90' lang='lat' dir='ltr'>quasi</span> <span class='ocrx_word' id='word_1_224' title='bbox 1287 4325 1550 4417; x_wconf 89' lang='lat' dir='ltr'>affirmantes</span> <span class='ocrx_word' id='word_1_225' title='bbox 1578 4326 1709 4419; x_wconf 91' lang='lat' dir='ltr'>simus</span> <span class='ocrx_word' id='word_1_226' title='bbox 1733 4329 1824 4420; x_wconf 82' lang='lat' dir='ltr'>sive</span> 
     </span>
     <span class='ocr_line' id='line_1_29' title="bbox 399 4473 1824 4601; baseline 0.004 -36"><span class='ocrx_word' id='word_1_227' title='bbox 399 4473 715 4565; x_wconf 88' lang='lat' dir='ltr'>consentientes</span> <span class='ocrx_word' id='word_1_228' title='bbox 747 4473 878 4594; x_wconf 85' lang='lat' dir='ltr'>regiae</span> <span class='ocrx_word' id='word_1_229' title='bbox 910 4473 1143 4589; x_wconf 75' lang='lat' dir='ltr'>voluntati,</span> <span class='ocrx_word' id='word_1_230' title='bbox 1178 4475 1253 4564; x_wconf 93' lang='lat' dir='ltr'>sed</span> <span class='ocrx_word' id='word_1_231' title='bbox 1287 4479 1594 4567; x_wconf 89' lang='lat' dir='ltr'>tantummodo</span> <span class='ocrx_word' id='word_1_232' title='bbox 1626 4477 1824 4601; x_wconf 88' lang='lat' dir='ltr'>suscipias</span> 
     </span>
    </p>

    <p class='ocr_par' dir='ltr' id='par_1_12' title="bbox 399 4620 1823 4748">
     <span class='ocr_line' id='line_1_30' title="bbox 399 4620 1823 4748; baseline 0.004 -34"><span class='ocrx_word' id='word_1_233' title='bbox 399 4620 443 4714; x_wconf 90' lang='lat' dir='ltr'>in</span> <span class='ocrx_word' id='word_1_234' title='bbox 469 4624 798 4715; x_wconf 90' lang='lat' dir='ltr'>venerationem</span> <span class='ocrx_word' id='word_1_235' title='bbox 830 4653 1051 4713; x_wconf 87' lang='lat' dir='ltr'>sacrorum</span> <span class='ocrx_word' id='word_1_236' title='bbox 1076 4624 1312 4715; x_wconf 91' lang='lat' dir='ltr'>verborum</span> <span class='ocrx_word' id='word_1_237' title='bbox 1336 4625 1384 4715; x_wconf 91' lang='lat' dir='ltr'>in</span> <span class='ocrx_word' id='word_1_238' title='bbox 1411 4627 1640 4748; x_wconf 86' lang='lat' dir='ltr'>Evangelio</span> <span class='ocrx_word' id='word_1_239' title='bbox 1665 4629 1823 4720; x_wconf 91' lang='lat' dir='ltr'>descri-</span> 
     </span>
    </p>

    <p class='ocr_par' dir='ltr' id='par_1_13' title="bbox 403 4774 1822 4900">
     <span class='ocr_line' id='line_1_31' title="bbox 403 4774 1822 4900; baseline 0.004 -36"><span class='ocrx_word' id='word_1_240' title='bbox 403 4795 593 4894; x_wconf 88' lang='lat' dir='ltr'>ptorum,</span> <span class='ocrx_word' id='word_1_241' title='bbox 620 4775 732 4865; x_wconf 90' lang='lat' dir='ltr'>hanc</span> <span class='ocrx_word' id='word_1_242' title='bbox 756 4795 966 4862; x_wconf 86' lang='lat' dir='ltr'>externam</span> <span class='ocrx_word' id='word_1_243' title='bbox 992 4795 1177 4863; x_wconf 85' lang='lat' dir='ltr'>nostram</span> <span class='ocrx_word' id='word_1_244' title='bbox 1202 4774 1522 4890; x_wconf 87' lang='lat' dir='ltr'>simulationem,</span> <span class='ocrx_word' id='word_1_245' title='bbox 1554 4780 1612 4868; x_wconf 97' lang='lat' dir='ltr'>ob</span> <span class='ocrx_word' id='word_1_246' title='bbox 1641 4809 1822 4900; x_wconf 88' lang='lat' dir='ltr'>praeser-</span> 
     </span>
    </p>
   </div>
   <div class='ocr_carea' id='block_1_10' title="bbox 0 0 2380 6404">
    <p class='ocr_par' dir='ltr' id='par_1_14' title="bbox 0 0 2380 6404">
     <span class='ocr_line' id='line_1_32' title="bbox 0 0 2380 6404; baseline 0 0"><span class='ocrx_word' id='word_1_247' title='bbox 0 0 2380 6404; x_wconf 95' lang='lat' dir='ltr'> </span> 
     </span>
    </p>
   </div>
  </div>
 </body>
</html>
