1481 1781
536 264 652 278 —xxv-

236 310 334 331 nesciens
344 310 412 337 loqui.
420 310 442 331 in
452 316 562 331 amceno...
574 314 636 337 prato
647 310 841 335 constitutus‚hinc
850 310 900 331 inde
910 317 950 337 per

235 344 320 364 diversa
331 344 453 364 discurrens
464 344 518 369 loca,
527 343 592 364 flores
604 343 737 370 pulchriores
748 343 849 370 colligam
860 350 887 364 ex
901 344 949 370 qui-

236 377 277 397 bus
288 380 370 397 senum
380 376 433 397 mihi
443 383 581 403 componam,
593 380 614 397 et
624 376 707 397 utinam
715 377 742 397 ad
750 376 859 397 internum
870 376 949 397 animae

236 416 290 430 meae
305 413 414 435 ornatum,
422 416 461 436 per
470 410 605 431 redolentem
618 409 760 430 imitationem
772 413 896 430 sanctorum
908 408 949 430 Pa-

235 446 293 463 trum
307 449 405 463 meorum
420 442 442 463 id
458 442 552 463 fecerim.
566 450 575 461 τι
591 442 666 467 Quam
678 448 730 462 vero
748 445 832 463 mature
848 446 869 463 et
886 442 949 468 quasi

235 482 284 496 cum
294 475 355 496 senili
363 475 442 501 judicio
453 476 557 502 scriptum
567 475 620 496 illud
631 474 704 501 Caput
714 482 734 495 iv
747 476 778 495 De
791 478 864 496 sancto
876 478 895 496 et
904 475 949 495 dis-

235 511 291 529 creto
301 508 408 534 regimine
416 508 512 529 prioris.
526 508 576 529 Non
586 508 683 535 profecto
698 508 820 529 mirandum
831 508 849 528 si
862 508 897 529 ille
910 508 948 532 vir,

236 541 280 567 qui,
291 541 375 567 juvenis
389 541 515 566 admodum,
524 545 568 562 tarn
579 541 689 567 sapienter
698 541 799 567 explicuit
810 540 891 561 Prioris
901 540 949 561 offi—

235 574 275 599 cia,
284 574 331 600 ipse
344 577 420 600 postea
434 574 495 594 Prior
502 574 594 595 eximius
604 574 703 599 evaserit,
715 580 739 594 ac
750 574 877 600 religionem
893 573 948 595 Car-

234 607 343 628 tusianam
353 607 383 627 ita
392 607 514 628 concivibus
525 608 569 628 suis
580 607 690 628 exsulibus
705 607 727 627 in
740 606 815 633 Belgio
825 606 949 632 firmaverit,

236 643 259 661 ut
272 646 311 667 per
323 640 367 660 duo
382 640 461 660 saecula
475 643 524 666 post
536 644 628 661 mortem
644 640 697 666 ejus,
710 639 831 660 Mechliniae
844 640 948 666 primum,

235 672 313 694 deinde
324 672 437 699 Neoponi,
448 672 546 694 floruerit
556 672 668 699 Regularis
678 673 822 693 observantia

262 743 290 764 At
303 743 459 764 occurrendum
471 743 556 764 videtur
570 743 655 764 cuidam
665 743 795 764 dubitationi
807 749 851 769 qua
860 742 947 763 lectoris

236 783 297 798 mens
312 776 403 797 fortasse
416 782 495 802 anceps
508 780 635 797 remaneret.
652 775 709 797 Nam
723 783 749 797 ex
764 776 864 802 superius
878 775 947 796 allatis

236 812 320 830 constat
330 808 357 830 D.
369 809 495 830 Mauritium
505 809 546 830 hoc
555 816 610 836 opus
618 809 677 830 brevi
687 812 785 836 tempore
799 809 917 830 confecisse
927 812 948 829 et

236 842 387 869 perferendum
397 849 484 863 curasse
493 842 520 863 ad
529 842 678 863 Reverendum
689 842 774 863 Patrem
782 841 808 863 D.
817 842 828 863 J
831 848 923 863 oannem
932 841 947 867 ’ς

235 879 318 896 certum
328 878 361 896 est
366 875 453 896 aliunde
461 875 523 896 illurn
530 875 678 896 venerandum
687 875 794 896 Joanuem
801 875 864 896 Junio
872 881 947 896 mense

236 908 287 929 anni
300 909 352 934 1540
367 908 454 929 obiisse.
469 907 575 933 Quonam
586 908 653 935 igitur
665 908 731 929 modo
744 908 791 929 fieri
804 912 876 935 potest
888 911 913 929 ut
926 908 948 928 in

236 941 291 962 libro
304 940 399 962 Mauritii
412 941 533 962 referantur
546 941 644 967 quaedam
658 941 768 962 evidenter
780 941 907 965 recentiora,
917 941 948 961 vi-

236 974 312 995 delicet
332 973 422 995 Thomae
443 973 560 995 Cromwell
582 974 711 1000 supplicIum
728 974 786 995 ,lulio
804 981 878 995 mense
898 974 949 1001 ¹540

236 1007 342 1032 habitum,
365 1006 492 1033 martyrium
514 1006 537 1027 B.
556 1006 668 1028 Guillelmi
689 1006 751 1028 Horn
777 1007 874 1033 ejusdem
897 1006 948 1028 anni

236 1046 310 1060 mense
325 1040 432 1066 Augusto,
445 1040 498 1066 quin
512 1044 533 1060 et
548 1040 637 1061 donatio
655 1039 804 1061 Londiniensis
822 1040 947 1061 monasterii

236 1072 336 1093 Eduardo
347 1072 417 1093 North
428 1073 482 1093 facta
492 1079 550 1094 anno
562 1073 629 1100 1544?

262 1105 301 1126 Vel
314 1105 388 1126 leviter
403 1106 511 1132 reputanti
528 1105 676 1127 difficultatem
692 1110 789 1127 occurret
805 1113 946 1133 responsum:

237 1137 348 1159 Domuum
362 1138 442 1159 scilicet
455 1137 581 1159 Mauritium
598 1139 717 1159 narrationi
728 1139 825 1160 celeriter
834 1139 947 1165 expeditae,

236 1174 312 1197 postea
325 1172 437 1197 nonnulla,
447 1178 487 1198 pro
501 1175 608 1198 tempore,
617 1172 734 1193 addidisse.
746 1171 858 1197 Ceterum⁷
870 1175 948 1199 praeter

258 1243 317 1261 ¹Adde
325 1243 369 1266 quod
376 1244 407 1261 nisi
415 1244 456 1261 intra
464 1245 539 1266 exiguum
548 1249 611 1266 tempus
622 1244 695 1261 libellum
703 1244 803 1265 confecisset,
812 1249 828 1261 et
838 1245 871 1262 cito
880 1250 917 1262 eum
928 1244 948 1262 ad

235 1265 276 1282 Rev.
281 1266 343 1282 Patrem
352 1266 426 1287 misisset,
433 1272 467 1283 non
472 1271 513 1283 esset
520 1272 567 1283 ausus
576 1266 593 1283 in
603 1266 697 1283 Prainrionc
706 1266 768 1283 dicere:
778 1273 786 1282 ιι
796 1267 855 1284 Nullus
864 1273 883 1283 ex

234 1288 279 1305 tione
289 1293 343 1305 nostra
349 1287 369 1305 de
376 1294 433 1305 eorum
440 1288 539 1311 (Martyrum)
547 1288 591 1306 obitu
598 1288 643 1306 vobis
651 1289 733 1311 quidquam
739 1289 836 1311 significavit.
842 1294 852 1304 J»

921 1319 931 1333 d

981 446 1014 462 cm
1021 450 1040 461 m.
1045 446 1058 459 ιιι
1063 445 1094 459 fine.

962 747 1017 779 mssffi
1034 750 1095 765 tempore
