4776 6390
742 722 793 734 -
822 704 844 782 7
875 723 927 736 ..

116 888 330 1000 cludatur,
351 917 480 1006 quam
506 918 585 975 nos
609 886 684 1001 illi,
711 910 760 976 ut
783 917 884 976 vere
908 887 1055 977 fideles
1077 887 1251 1003 subditi,
1271 889 1350 1009 piis
1373 921 1544 1011 semper

115 1035 227 1126 votis
244 1067 389 1125 sumus
411 1036 672 1156 comprecati
687 1049 710 1124 ¹.
729 1074 751 1119 »
773 1043 817 1126 Ο
833 1037 1085 1127 inconcussa
1100 1037 1201 1126 fidei
1223 1041 1375 1158 rupes!
1396 1069 1542 1129 overe

115 1183 382 1273 consolidata
404 1184 505 1273 fidei
531 1187 678 1305 petra!
706 1217 802 1305 quae
828 1206 916 1274 tam
942 1185 1170 1275 horrendis
1194 1187 1423 1307 suppliciis,
1444 1211 1541 1277 tan-

116 1357 247 1454 taque
270 1333 535 1423 cruciatuum
562 1333 734 1423 diritate
758 1364 850 1424 non
872 1334 1066 1454 potuerit
1083 1334 1321 1455 quidquam
1345 1367 1541 1425 commo·

118 1482 222 1597 veri,
249 1484 324 1572 sed
350 1482 587 1608 perstiterit
610 1483 774 1603 ubique
798 1483 938 1597 firma,
959 1484 1060 1598 fixa,
1080 1483 1265 1574 immota
1288 1508 1333 1574 et
1361 1484 1537 1601 invicta;

116 1630 247 1751 idque
272 1631 318 1721 in
343 1631 436 1752 ipso
466 1630 618 1720 mundi
643 1632 779 1746 senio,
808 1631 943 1752 inque
968 1663 1136 1721 summa
1164 1633 1344 1723 humani
1371 1635 1542 1755 generis

116 1778 304 1895 licentia,
331 1778 516 1899 ignavia,
542 1779 743 1869 vecordia
765 1802 810 1868 et
836 1780 1037 1895 mollitie,
1064 1780 1110 1870 in
1134 1780 1226 1901 ipso
1250 1781 1439 1902 denique
1463 1814 1540 1872 ex·

116 1950 259 2017 tremo
287 1928 420 2018 totius
452 1927 574 2018 effusi
605 1928 771 2018 Tartari
806 1927 969 2019 furore.
1006 1936 1158 2038 Quum
1189 1929 1323 2050 igitur
1356 1936 1541 2054 Majores
1683 1947 1696 1959 '

115 2077 253 2167 nostri
282 2099 479 2165 accurata
506 2075 729 2197 diligentia
759 2077 1032 2198 superiorum
1062 2082 1305 2199 Martyrum
1331 2079 1540 2170 Historias

115 2226 412 2316 monumentis
437 2226 680 2317 litterarum
709 2226 1126 2341 commendaverint,
1153 2251 1204 2317 ut
1229 2259 1291 2317 eae
1322 2229 1448 2319 certis
1473 2227 1537 2318 fe-

114 2374 230 2464 stivis
251 2374 403 2465 diebus
426 2377 592 2495 populo
611 2374 860 2465 Christiano
885 2375 1117 2496 propositae
1137 2375 1427 2467 incitamento
1453 2378 1539 2468 sint

114 2525 168 2614 ad
191 2523 344 2613 similia
371 2524 416 2613 in
445 2522 750 2614 afflictionibus
774 2523 1048 2645 perferenda,
1068 2555 1306 2646 paremque
1316 2525 1536 2616 fortitudi-

114 2704 217 2762 nem
243 2696 288 2762 et
311 2673 675 2793 perseverantiam
703 2672 750 2762 in
775 2672 961 2762 adversis
991 2674 1299 2764 certaminibus
1326 2676 1536 2767 adhiben-

114 2823 214 2912 dam
242 2857 250 2912 :
278 2877 338 2890 -
357 2821 465 2911 nihil
488 2823 607 2912 enim
630 2845 695 2912 est
725 2823 841 2912 aliud
865 2821 1066 2912 universa
1088 2822 1323 2913 Christiani
1349 2824 1538 2914 hominis
1671 2871 1688 2906 v

113 2970 202 3061 vita
226 3003 357 3092 quam
382 2971 534 3060 militia
558 3002 687 3092 super
711 2993 889 3085 terram,
908 2977 1032 3095 juxta
1062 2972 1167 3061 illud
1194 2973 1495 3094 Chrysostomi
1524 3007 1532 3062 :

115 3158 138 3205 α
161 3127 243 3236 Tu,
273 3120 535 3235 Christiane,
555 3120 761 3210 delicatus
782 3151 826 3209 es
843 3119 979 3234 miles,
1008 3120 1041 3210 si
1066 3143 1191 3241 putas
1210 3143 1254 3208 te
1276 3119 1367 3209 sine
1390 3152 1538 3242 pugna

111 3270 300 3384 vincere,
326 3269 418 3359 sine
443 3269 679 3360 certamine
706 3268 996 3389 triumphare,
1024 3299 1179 3358 exerce
1206 3270 1317 3359 vires
1346 3267 1534 3385 fortiter,

111 3419 267 3510 dimica
291 3419 511 3534 atrociter,
530 3419 577 3509 in
598 3418 748 3540 praelio
773 3417 856 3507 isto
878 3441 1095 3533 concerta,
1121 3417 1345 3508 considera
1364 3443 1536 3541 pactum

112 3569 232 3690 quod
267 3569 551 3689 spopondisti,
585 3568 884 3658 conditionem
915 3600 1045 3688 quam
1085 3569 1305 3691 accepisti,
1341 3568 1537 3660 militiam

111 3717 181 3808 cui
211 3748 375 3807 nomen
415 3715 588 3831 dedisti,
625 3717 709 3806 hoc
733 3739 861 3837 pacto
902 3717 1044 3806 cuncti
1070 3742 1288 3838 pugnant,
1323 3719 1403 3808 hac
1433 3750 1537 3809 con·

110 3866 278 3958 ditione
303 3865 491 3956 universi
515 3865 658 3957 vicere
683 3865 939 3980 Christiani,
967 3889 1049 3956 etc.
1073 3903 1172 3950 »-
1187 3868 1304 3957 haud
1324 3868 1398 3958 abs
1423 3898 1471 3958 re
1493 3890 1539 3957 et

109 4047 191 4106 nos
208 4046 384 4137 quoque
411 4015 665 4105 videbamur
689 4013 859 4131 facturi,
887 4015 920 4105 si
943 4039 1176 4137 praesentcs
1201 4017 1280 4106 hos
1301 4016 1437 4107 nostri
1460 4048 1536 4106 sae·

110 4166 195 4256 culi
224 4187 270 4254 et
301 4164 481 4255 Ordinis
512 4170 739 4286 Martyres,
765 4165 857 4286 pari
881 4165 1042 4286 pietate
1073 4197 1121 4255 ac
1143 4165 1355 4256 industria
1378 4166 1536 4256 descri-

107 4337 223 4438 ptos,
249 4345 498 4405 curaremus
513 4314 560 4403 in
577 4315 799 4436 publicum
824 4314 974 4405 venire
996 4344 1043 4402 ac
1066 4313 1265 4404 candidis
1280 4313 1434 4404 animis
1457 4347 1538 4436 per

107 4465 488 4586 typographorum
519 4495 697 4584 operam
730 4462 1046 4554 immortalitati
1067 4463 1329 4581 consecrari3
1355 4495 1535 4586 praeser·

107 4615 187 4704 tim
220 4645 319 4703 cum
344 4612 390 4703 hi
416 4645 472 4702 eo
500 4612 625 4705 nobis
652 4612 806 4737 majori
833 4613 1021 4703 debeant
1050 4644 1140 4703 esse
1167 4614 1450 4704 hortamento
1482 4614 1536 4702 ad

107 4764 313 4853 eumdem
340 4763 530 4879 calicem,
555 4762 589 4852 si
619 4764 680 4853 ita
708 4768 804 4852 Deo
834 4762 1057 4882 placuerit,
1083 4762 1343 4878 bibendum,
1375 4795 1465 4882 quo
1490 4786 1537 4851 et
1594 4791 1697 4844 Maru.
1712 4809 1755 4858 xx,
1774 4810 1816 4846 22.
