4776 6390
770 705 990 763 -xxl-

223 888 427 973 Mauritio
472 905 619 973 tamen
666 889 740 974 diu
777 889 881 974 flere
927 891 972 973 in
1019 918 1098 974 sua
1142 917 1289 975 eremo
1328 919 1417 976 non
1460 894 1593 995 licuit,

169 1049 270 1104 narn
301 1023 450 1105 «infra
468 1049 631 1104 annum
659 1053 696 1123 s,
714 1021 961 1106 Monachie
991 1020 1135 1106 Domo
1156 1023 1278 1130 ejecti
1309 1039 1426 1126 sunt,
1456 1026 1501 1108 15
1525 1026 1595 1110 die

170 1152 450 1254 Novembris,
481 1155 534 1236 A.
571 1151 625 1236 Ι).
667 1155 769 1238 1538
793 1153 819 1236 ¹.

220 1284 340 1368 Tunc
362 1316 380 1359 t
396 1298 512 1368 recto
533 1285 714 1368 itinere²
730 1318 768 1387 s,
785 1315 883 1371 curn
897 1288 1012 1388 vitae,
1028 1300 1076 1370 ut
1091 1300 1285 1393 apparet,
1302 1288 1551 1373 discrimine
1562 1288 1594 1392 ³,

72 1449 75 1453 ’
168 1415 365 1523 Belgium
385 1417 508 1523 petiit
527 1432 571 1499 et
591 1418 636 1500 in
655 1419 888 1504 cartusiam
916 1418 1050 1502 Vallis
1084 1417 1280 1502 Gratiae⁴
1302 1447 1391 1503 non
1417 1420 1547 1528 longe
1569 1448 1596 1506 a

169 1546 325 1654 Brugis
364 1549 492 1632 sitam
525 1551 749 1645 concessit,
786 1551 860 1634 ubi
894 1551 1084 1658 benigno
1118 1578 1225 1635 usus
1256 1552 1463 1657 hospitio,
1494 1568 1596 1638 vota

169 1680 340 1776 iterum,
363 1708 442 1786 pro
476 1683 605 1789 hujus
632 1683 843 1788 temporis
872 1684 1201 1783 consuetudine,
1230 1683 1385 1785 emisit,
1410 1699 1453 1767 et
1483 1685 1595 1768 inter

167 1812 332 1917 Anglos
353 1815 591 1897 monachos
607 1815 803 1915 eminuit,
825 1816 899 1921 qui
924 1815 1107 1898 subinde
1128 1816 1211 1898 huc
1231 1816 1511 1898 advenerunt.

223 2055 326 2140 Post
363 2084 503 2141 annos
535 2059 737 2160 sedecim,
774 2074 982 2167 regnante
1021 2059 1252 2144 Catholica
1288 2059 1440 2162 Maria,
1471 2063 1594 2169 jussu

169 2185 359 2293 Capituli
381 2189 610 2274 Generalis
630 2191 675 2273 in
695 2193 879 2298 patriam
899 2219 1097 2274 reversus
1113 2205 1178 2273 est
1199 2219 1400 2275 unacum
1420 2194 1594 2276 duobus

169 2321 423 2404 elratribus
452 2324 559 2423 suis,
585 2350 654 2405 an.
683 2325 801 2425 1555,
832 2350 980 2406 mense
1010 2322 1140 2407 lunio
1161 2323 1190 2404 ⁵.
1219 2322 1384 2429 Ibique,
1410 2352 1592 2409 consen·

213 2529 315 2598 ¹Non
331 2556 407 2600 vero
426 2553 521 2620 1539,
539 2532 628 2623 quod
643 2531 779 2622 legimus
798 2535 832 2602 in
850 2535 952 2623 prima
973 2531 1126 2602 editione.
1148 2530 1184 2600 Id
1204 2531 1305 2623 liquet
1326 2531 1375 2600 his
1386 2534 1491 2603 verbis
1505 2537 1591 2625 capi-

167 2617 225 2686 tuli
240 2640 309 2702 11111,
328 2644 360 2709 p.
378 2642 460 2706 119:
483 2648 499 2684 κ
515 2621 599 2689 Infra
615 2646 737 2690 annum
752 2641 826 2712 post
849 2646 924 2689 uam
942 2645 1003 2689 nos
1022 2644 1329 2689 consenseramus.»
1349 2622 1592 2693 Consenserunt

167 2725 274 2774 autem
299 2710 381 2776 circa
404 2709 504 2776 finem
527 2712 604 2778 anni
632 2731 726 2798 1537.
759 2736 776 2773 t<
801 2711 838 2778 ln
867 2735 884 2778 a
913 2734 1046 2792 annum,
1065 2712 1109 2777 ait
1128 2710 1321 2792 Havensius,
1341 2709 1462 2779 scilicet
1483 2732 1519 2799 15
1539 2711 1591 2780 die

165 2794 350 2863 novembris
375 2820 427 2864 an.
455 2801 549 2886 1538.
573 2826 588 2859 »
615 2795 780 2888 (Append.
807 2812 839 2886 3·
865 2797 905 2867 ad
926 2799 1111 2866 Historicam
1135 2798 1305 2865 relationem
1327 2797 1396 2865 XII
1414 2799 1591 2898 Martyrum

166 2882 417 2951 Cortusionorum
440 2886 658 2969 Ruraemundae‚
683 2886 844 2969 Coloniae,
864 2888 962 2969 1608,
979 2888 1080 2973 iri-4⁰,
1096 2910 1128 2975 p.
1146 2886 1221 2973 71.)
1241 2923 1283 2934 -
1301 2886 1383 2953 Item
1401 2888 1435 2953 in
1452 2887 1590 2977 Epilogo

166 2972 209 3059 (p.
224 2975 285 3039 126
299 2971 396 3061 infra)
411 2973 548 3042 dicitur:
572 3000 589 3037 «
603 2975 669 3043 Th.
690 2974 877 3058 Cromwell,
903 2976 1049 3043 Vicarius
1070 2975 1179 3062 Regis,
1199 2973 1279 3040 infra
1298 2972 1465 3042 biennium
1488 2999 1506 3043 a
1528 2999 1591 3044 no-

165 3077 237 3127 strae
255 3061 485 3149 profligationis
499 3082 656 3152 tempore,
669 3066 770 3153 capite
786 3062 955 3131 mulctatus
972 3082 1037 3144 est;
1052 3088 1068 3123 ›>
1085 3061 1173 3151 quod
1190 3080 1334 3130 auctores
1350 3085 1465 3130 omnes
1478 3087 1589 3133 mense

165 3146 241 3215 'ulio
262 3171 314 3215 an.
334 3168 419 3236 1540
438 3153 581 3219 evenisse
594 3169 759 3220 testantur.
774 3189 819 3200 -
834 3152 990 3220 Praeterea
1009 3152 1052 3219 D.
1078 3149 1216 3236 Jacobus
1235 3150 1340 3239 Long,
1356 3151 1448 3218 Prior
1462 3152 1590 3221 Domus

199 3239 334 3325 eoporti,
351 3240 384 3304 in
404 3236 486 3307 Cod.
509 3241 573 3308 Ms.
596 3263 648 3307 an.
672 3261 769 3329 1739,
789 3242 899 3329 Brugis
919 3258 1056 3321 servato,
1078 3241 1130 3305 cui
1148 3236 1329 3306 inscribitur
1344 3238 1464 3306 Notitia
1478 3239 1591 3308 Cortu-

163 3326 318 3392 sionorum
339 3327 520 3415 anglorum,
549 3331 672 3411 asserit,
694 3351 764 3418 cap.
785 3350 820 3411 11,
843 3348 912 3396 not.
942 3327 965 3410 f,
990 3351 1025 3395 se
1049 3325 1166 3395 habere
1190 3328 1223 3393 in
1256 3324 1403 3394 manibus
1428 3326 1590 3416 optimum

166 3413 325 3502 exemplar
339 3419 590 3506 manuscriptum
607 3415 641 3483 in
654 3439 720 3506 quo
733 3418 888 3505 reperitur
904 3438 939 3504 15
947 3417 999 3502 38,
1011 3413 1089 3482 dum
1098 3416 1181 3504 typis
1192 3436 1319 3482 excusae
1333 3413 1490 3482 editiones
1499 3439 1590 3484 men·

165 3497 243 3569 dose
261 3501 412 3572 exhibent
437 3524 532 3591 1539.
549 3542 591 3554 -
608 3505 759 3594 Denique
780 3507 814 3572 in
836 3501 921 3573 Cod.
938 3504 1002 3572 Ms.
1023 3527 1125 3593 nuper
1145 3505 1180 3570 in
1197 3501 1358 3570 Analectis
1375 3502 1590 3573 Bollandianis

165 3588 326 3678 publicato
342 3593 434 3676 (tom.
448 3593 505 3675 VI,
521 3591 599 3661 fasc.
620 3614 649 3675 1,
672 3595 766 3681 1887)
781 3592 811 3661 le
835 3595 916 3661 ‘turz
933 3619 949 3654 11
960 3595 1002 3661 Α.
1015 3593 1058 3659 D.
1075 3591 1247 3660 millesimo
1261 3593 1518 3682 quingentesimo
1532 3595 1590 3661 tri·

164 3681 287 3782 gesimo
307 3698 422 3747 octavo
434 3705 465 3763 n,
479 3705 512 3770 p.
529 3701 584 3836 ἑο,
601 3681 658 3748 lin.
679 3702 730 3768 32.
754 3719 794 3730 -
839 3680 861 3748 f.
873 3705 909 3837 p.
927 3702 1005 3748 xxrv
1019 3679 1110 3762 infra,
1130 3698 1200 3747 not.
1224 3701 1253 3746 1.
1275 3718 1320 3728 —
1334 3677 1525 3748 Notandum
1542 3699 1591 3750 est

164 3789 300 3855 pnmam
314 3767 491 3837 editionem
511 3794 528 3837 a
566 3772 635 3858 ipso
651 3789 780 3838 auctore
792 3794 861 3839 non
886 3771 969 3838 uisse
986 3788 1173 3838 correctam.
1186 3766 1279 3854 (Vide
1286 3787 1356 3837 not.
1372 3770 1521 3858 tpaginae
1533 3789 1589 3856 33,

165 3855 204 3925 ad
223 3855 343 3924 calcem
358 3856 452 3944 hujus
473 3876 590 3926 nostrae
607 3856 780 3942 editionis.)

207 3961 222 4005 ²
240 3962 320 4051 Cap.
336 3984 406 4046 vlu,
423 3987 455 4052 p.
474 3966 513 4052 85
534 3966 568 4031 in
578 3964 651 4053 fine.

208 4069 222 4113 ³
238 4070 380 4158 Antiqua
393 4067 463 4158 lege
479 4089 608 4137 cautum
623 4088 744 4138 eratne
761 4070 833 4159 quis
847 4069 915 4136 sine
930 4068 1027 4156 Regis
1042 4067 1169 4135 licentia
1181 4089 1312 4223 perepe
1323 4066 1586 4156 proficisceretur.

164 4158 327 4247 (Stephen,
348 4158 578 4227 Commentario
596 4181 633 4225 on
647 4158 693 4224 the
706 4158 783 4225 loros
796 4158 830 4246 o]
841 4157 997 4245 England,
1019 4175 1100 4224 tom.
1118 4157 1159 4238 Π,
1181 4168 1215 4241 9¹
1232 4179 1250 4223 e
1276 4206 1298 4238 .,
1316 4179 1349 4244 p.
1367 4156 1454 4243 506.)
1467 4156 1588 4223 Mona-

164 4247 242 4315 chus
261 4270 337 4334 ergo
352 4248 419 4336 qui,
431 4267 535 4336 spreta
550 4245 633 4334 lege,
646 4245 680 4313 su
703 4270 755 4313 arn
771 4244 953 4334 capessebat
961 4268 1036 4312 cum
1052 4242 1192 4312 evidenti
1206 4245 1371 4333 proposito
1387 4266 1421 4311 se
1431 4245 1494 4311 reci
1518 4245 1589 4311 ien-

164 4333 196 4401 di
213 4337 247 4402 in
262 4353 360 4403 terras
375 4334 542 4402 Catholico
550 4337 631 4423 Regi
641 4269 810 4422 suljectas,
822 4331 1048 4423 perduellionis
1064 4356 1137 4401 reus
1148 4332 1216 4400 fieri
1226 4330 1470 4421 periclitabatur.
1487 4267 1589 4409 &uod

162 4423 341 4512 significare
359 4422 485 4492 videtur
502 4424 633 4505 Noster,
651 4421 793 4512 optando
815 4442 851 4491 ut
865 4421 974 4490 fratres
990 4423 1039 4489 sui
1056 4447 1073 4483 «
1090 4420 1187 4490 libere
1206 4438 1368 4489 transeant
1385 4418 1586 4488 hocmare...

162 4514 232 4580 sine
252 4510 393 4600 periculo
412 4513 535 4579 mortis.
553 4535 569 4573 n
587 4511 666 4600 Cap.
683 4533 798 4600 v111.p.
817 4512 872 4578 86.

205 4616 219 4663 ⁴
234 4616 376 4685 fundata
390 4637 437 4685 est
451 4640 503 4685 an.
523 4619 618 4704 1318,
637 4635 669 4684 et
687 4615 726 4685 ab
739 4618 930 4705 imperatore
944 4613 1086 4704 Josepho
1103 4615 1133 4683 II
1151 4638 1204 4683 an.
1222 4615 1303 4701 1783
1324 4611 1452 4681 abolita.

207 4724 353 4792 ⁵Noticar
373 4726 408 4813 of
426 4725 471 4792 tle
487 4723 617 4812 English
629 4722 747 4810 collegas
765 4721 827 4790 ond
843 4735 974 4789 conoents
995 4720 1165 4788 established
1181 4743 1219 4787 on
1233 4719 1278 4787 tlte
1293 4721 1438 4786 continent
1454 4718 1531 4806 after
1545 4717 1591 4785 the

162 4811 333 4880 dissolution
350 4812 528 4901 ‹esreligions
540 4813 639 4880 hansa
649 4813 683 4880 in
696 4810 841 4900 Englond
848 4834 863 4892 ;
879 4813 975 4898 1849,
991 4828 1120 4878 auctore
1134 4810 1223 4876 Hon.
1241 4805 1390 4876 Eduardo
1407 4807 1510 4875 Perre.

1653 1308 1779 1376 Belgium
1808 1312 1885 1376 petit.
