4776 6390
504 1168 528 1219 1.
543 1169 608 1220 Cor.
624 1183 665 1232 ιιι,
683 1185 723 1236 ¹9·

1369 641 1583 723 ..52-

767 852 888 961 Quid
913 852 1083 943 stultius
1108 853 1358 943 hominibus
1380 883 1512 974 quam
1536 851 1661 976 dejici
1683 873 1729 941 et
1749 849 2003 941 humiliari?
2026 856 2076 941 Et
2091 853 2195 974 quid

767 1004 881 1125 apud
912 1002 1112 1093 homines
1137 1003 1371 1124 sapientius
1400 1025 1446 1092 et
1472 1002 1598 1092 altius
1627 1031 1759 1121 quam
1783 1000 2007 1121 superbire
2036 1024 2084 1092 et
2107 1005 2193 1092 ele·

766 1153 856 1242 vari
879 1153 896 1241 ?
922 1154 1006 1242 Sed
1030 1152 1239 1273 sapientia
1260 1154 1389 1276 hujus
1411 1151 1578 1262 mundi,
1597 1148 1779 1239 stultitia
1800 1172 1865 1240 est
1887 1154 2005 1273 apud
2026 1157 2187 1268 Deum3

627 1317 630 1323 ’
766 1325 811 1392 et
828 1302 947 1423 quod
969 1305 1105 1392 altum
1131 1325 1196 1392 est
1217 1302 1483 1417 hominibus,
1510 1298 1781 1391 abominatio
1810 1322 1877 1389 est
1902 1324 2005 1391 ante
2035 1308 2190 1393 Deum.

474 1989 606 2040 dirorum.

504 2684 571 2734 Gen.
586 2699 649 2734 ιιιι.
668 2701 693 2750 7.

502 3271 550 3323 Ps.
566 3286 656 3336 exunt,
680 3287 718 3323 ιι.

768 1452 930 1542 Idcirco
960 1451 1006 1541 in
1033 1451 1280 1574 insipientia
1314 1451 1626 1544 humiliationis
1652 1454 1829 1573 gloriari
1858 1452 2007 1543 didicit
2038 1474 2084 1542 et
2117 1452 2193 1543 iste

766 1622 936 1691 sanctus
964 1607 1105 1716 Pater,
1132 1600 1268 1692 lactus
1292 1602 1339 1690 in
1364 1601 1567 1691 omnibus
1591 1604 1814 1723 exemplar
1834 1603 2058 1693 bonorum
2087 1631 2191 1722 ope·

767 1782 880 1841 rum.

498 1926 594 1978 studet
605 1928 739 1992 ancisus»
830 1901 1002 1991 Habere
1019 1925 1065 1990 et
1080 1930 1249 1990 servare
1267 1931 1417 2020 pacem
1434 1923 1479 1988 et
1490 1899 1745 1990 charitatem
1759 1899 1805 1990 in
1821 1903 2008 1991 claustro
2025 1930 2193 1991 summe

765 2050 945 2166 studuit,
973 2072 1019 2140 et
1045 2049 1146 2170 quia
1174 2048 1390 2139 intellexit
1417 2079 1508 2138 non
1531 2080 1586 2138 ex
1608 2050 1728 2140 bono
1757 2082 1847 2140 esse
1875 2049 2189 2162 austeritatem,

765 2198 906 2288 noluit
936 2230 1035 2289 curn
1062 2198 1312 2289 austeritate
1339 2198 1553 2320 imperare
1577 2198 1662 2290 suis
1684 2223 1729 2288 et
1752 2231 1851 2289 cum
1877 2199 2092 2320 potentia,
2121 2201 2194 2290 sed

763 2349 810 2439 in
842 2349 1027 2439 maxima
1064 2349 1286 2439 modestia.
1331 2354 1446 2439 Cum
1486 2348 1731 2472 juvenibus,
1767 2351 1846 2439 sub
1885 2371 2077 2470 quatuor
2120 2372 2193 2439 aut

763 2498 957 2619 quinque
996 2529 1214 2625 annorum
1256 2498 1447 2588 discursu
1485 2496 1704 2619 professis,
1746 2498 1902 2618 agebat
1943 2497 2034 2620 ipse
2074 2498 2192 2620 quasi

762 2649 872 2738 alter
902 2650 1062 2770 loseph
1096 2681 1195 2738 cum
1229 2646 1433 2737 fratribus
1465 2647 1564 2762 suis,
1596 2649 1786 2738 alienum
1824 2680 1868 2738 se
1907 2648 1968 2738 eis
2007 2648 2190 2739 demon·

762 2798 954 2914 strando,
970 2798 1205 2919 duriusque
1216 2799 1437 2918 loquendo
1453 2819 1498 2886 et
1516 2797 1797 2918 increpand0,
1811 2829 1868 2887 ne
1885 2799 2065 2888 lenitate
2084 2799 2190 2889 abu·

762 2949 897 3037 tendo
924 2948 1247 3038 insolescerent.
1280 2947 1557 3038 Novitiorum
1588 2979 1765 3069 quoque
1790 2948 2073 3039 instructores
2096 2980 2189 3038 mo·

761 3099 894 3187 nebat
930 3119 979 3187 ut
1016 3096 1245 3216 vigilarent
1282 3097 1464 3217 ubique,
1500 3128 1557 3185 ne
1596 3099 1778 3188 novellae
1816 3098 2109 3219 plantationes
2145 3100 2191 3189 in

758 3252 988 3372 juventute
1020 3276 1095 3335 sua
1128 3246 1175 3335 in
1207 3245 1385 3335 nimiam
1422 3246 1642 3336 audaciam
1680 3270 2020 3337 excrescerent:
2055 3251 2191 3340 multa

759 3396 877 3487 enim
901 3398 1011 3485 mala
1043 3394 1313 3517 experientia
1335 3395 1462 3485 docet
1484 3395 1586 3486 inde
1611 3395 1873 3518 provenisse,
1908 3402 2041 3488 Senes
2066 3421 2187 3515 vero,

759 3566 809 3636 ut
839 3546 959 3665 rigor
993 3545 1065 3634 ille
1101 3547 1358 3634 lentesceret
1392 3577 1524 3665 quem
1558 3545 1696 3661 dedit,
1737 3576 1828 3634 non
1866 3544 2082 3662 nativitas,
2118 3548 2191 3637 sed

759 3698 871 3785 mala
894 3695 1180 3809 consuetud0,
1197 3694 1373 3815 propria
1390 3697 1604 3811 voluntas,
1625 3716 1670 3784 et
1693 3694 1952 3817 suiipsorum
1969 3696 2188 3787 immorti-

758 3844 902 3934 ficatio
926 3875 1055 3967 super
1078 3844 1284 3935 delictum
1316 3875 1437 3933 vanae
1470 3843 1764 3935 aestimationis
1795 3875 1850 3933 ex
1877 3844 2115 3936 diurnitate
2144 3846 2190 3936 in

757 3994 991 4115 religione,
1024 3994 1169 4110 enixe,
1205 3994 1363 4084 blande
1402 4015 1448 4082 et
1485 3993 1642 4083 leniter
1674 3995 1902 4109 tractabat,
1938 4017 1987 4084 ut
2025 3995 2188 4118 absque

758 4143 968 4236 fractione
990 4143 1250 4234 inclinarent
1272 4143 1482 4234 cervicem
1512 4173 1632 4234 suam
1660 4165 1705 4232 et
1729 4165 1903 4265 paratos
1927 4174 1972 4232 se
2006 4144 2062 4234 ad
2091 4176 2186 4236 om-

757 4295 829 4386 nia
865 4294 1073 4385 facerent.
1111 4293 1153 4384 Si
1187 4295 1363 4414 quando
1396 4291 1534 4413 quivis
1568 4297 1780 4405 Fratrum,
1814 4291 1901 4383 sive
1933 4323 2069 4384 senex
2101 4294 2187 4385 sive

756 4444 938 4569 juvenis,
973 4443 1135 4565 aliquid
1173 4440 1441 4564 superfluum
1482 4464 1557 4532 aut
1596 4442 1815 4532 curiosum
1854 4444 2182 4565 expostulasset,

757 4626 855 4685 curn
886 4593 1184 4684 moderamine
1216 4617 1261 4682 et
1297 4593 1483 4683 mititate
1516 4624 1618 4681 eum
1653 4590 1868 4706 frenabat,
1892 4622 2102 4685 revocans
2132 4595 2186 4684 ad

757 4766 951 4835 mentem
972 4743 1246 4835 vocationem
1271 4775 1408 4859 suam,
1432 4742 1616 4832 dicendo
1646 4776 1655 4832 :
1687 4780 1710 4826 «
1737 4741 1779 4832 Si
1803 4740 1850 4831 in
1874 4745 2030 4835 saeculo
2051 4775 2177 4859 esses,
