4740 6414
1352 673 1567 728 ...20-

808 851 890 942 Hic
915 852 1005 942 dux
1031 850 1263 945 Norsolciae
1286 854 1598 978 interpellans:
1627 895 1649 940 ι
1685 863 1827 971 Nunc,
1853 857 2013 977 inquit,
2033 863 2172 974 More,

744 1001 969 1123 perspicue
992 1000 1130 1124 liquet
1152 1025 1228 1094 tua
1252 1006 1570 1096 malevolentia.
1595 1042 1619 1090 a

804 1153 872 1242 Ad
894 1183 991 1274 quae
1018 1158 1201 1244 Morus:
1239 1192 1262 1238 v
1294 1160 1354 1247 Ut
1377 1155 1467 1245 haec
1501 1154 1670 1274 loquar,
1703 1155 1863 1278 inquit,
1897 1188 1990 1247 non
2024 1156 2175 1248 incitat

744 1303 1065 1418 malevolentia,
1094 1307 1169 1394 sed
1204 1305 1321 1424 cogit
1354 1304 1596 1419 necessitas,
1628 1306 1682 1394 ad
1711 1308 2040 1397 exonerandam
2066 1339 2171 1398 con·
2283 1321 2287 1325 ’

483 1483 562 1535 nom.
577 1499 635 1551 vm,
651 1503 693 1554 η.
742 1453 964 1544 scientiam
997 1484 1155 1567 meam,
1184 1474 1294 1542 teste
1323 1459 1418 1542 Deo
1448 1453 1522 1575 qui
1548 1456 1663 1545 solus
1695 1479 1913 1547 scrutatur
1935 1456 2070 1547 corda
2090 1459 2170 1550 ho-

743 1603 927 1694 minum.
966 1608 1180 1692 Praeterea
1209 1605 1294 1693 hoc
1330 1635 1507 1724 quoque
1539 1604 1672 1720 addo,
1714 1626 1907 1695 vestrum
1945 1608 2167 1697 decretum

741 1783 972 1873 perperam
996 1782 1087 1842 esse
1112 1749 1297 1866 factum,
1326 1753 1536 1873 quoniam
1566 1786 1617 1844 ex
1642 1753 1835 1876 professo
1856 1756 2028 1878 jurastis
2060 1755 2165 1846 nihil

741 1934 936 2023 unquam
972 1899 1114 1991 facere
1152 1926 1306 1992 contra
1341 1903 1580 2019 Ecclesiam,
1611 1936 1707 2026 quae
1733 1935 1812 2026 per
1834 1904 2081 1995 universam
2104 1905 2167 1995 di-

741 2052 908 2142 tionem
933 2051 1226 2142 Christianam
1251 2051 1378 2141 unica
1395 2048 1474 2167 est,
1493 2054 1665 2175 integra
1690 2078 1736 2144 et
1760 2054 1994 2144 individua.
2016 2060 2169 2176 Neque

740 2235 816 2294 vos
846 2203 924 2293 soli
958 2204 1089 2292 ullam
1122 2202 1291 2292 habetis
1325 2205 1645 2318 auctoritatem,
1679 2203 1787 2294 citra
1821 2205 2008 2294 aliorum
2039 2205 2167 2296 Chri·

739 2357 981 2447 stianorum
1003 2385 1277 2468 consensum,
1298 2355 1514 2443 condendi
1528 2356 1671 2474 legem
1687 2376 1763 2443 aut
1778 2353 2034 2444 instituendi
2045 2359 2165 2445 Con-

739 2507 886 2597 cilium
924 2506 1125 2595 adversus
1167 2503 1378 2592 unionem
1420 2527 1465 2593 et
1503 2503 1779 2594 concordiam
1814 2503 2162 2596 Christianitatis.

739 2656 824 2745 Sed
848 2685 940 2743 non
965 2653 1123 2773 ignoro
1149 2682 1226 2742 cur
1250 2684 1321 2741 me
1346 2652 1478 2743 morti
1500 2650 1860 2774 adjudicaveritis,
1887 2652 2089 2744 videlicet
2109 2655 2166 2745 ob

738 2804 782 2893 id
804 2803 925 2924 quod
949 2832 1176 2922 nunquam
1198 2801 1413 2891 voluerim
1438 2801 1643 2891 assentire
1671 2801 1718 2890 in
1740 2801 1922 2922 negotio
1946 2802 2049 2892 novi
2076 2833 2165 2892 ma-

738 2950 933 3045 trimonii
962 2950 1104 3070 Regis.
1137 2953 1221 3040 Sed
1250 2975 1398 3040 tamen
1427 2949 1534 3040 mihi
1562 2982 1721 3072 magna
1753 2982 1847 3072 spes
1876 2950 2014 3041 estin
2040 2951 2164 3041 boni·

737 3127 827 3194 tate
861 3101 1020 3214 divina,
1049 3102 1167 3222 quod
1202 3103 1573 3220 quemadmodum
1608 3124 1778 3191 sanctus
1806 3103 1961 3190 Paulus
1988 3100 2163 3221 legitur,

737 3274 986 3375 persecutus
1016 3248 1144 3340 fuisse
1175 3249 1323 3340 divum
1355 3252 1640 3371 Stephanum,
1665 3249 1739 3369 qui
1765 3273 1913 3339 tamen
1938 3255 2026 3372 jam
2057 3282 2164 3340 una-

736 3403 875 3493 nimes
900 3423 1039 3520 agunt
1064 3398 1111 3488 in
1136 3401 1266 3513 coel0,
1293 3399 1350 3489 sic
1380 3432 1460 3490 nos
1487 3400 1560 3520 qui
1587 3399 1803 3488 discordes
1835 3429 1983 3489 sumus
2009 3399 2057 3489 in
2084 3403 2166 3490 hoc

736 3552 918 3664 mundo,
948 3549 996 3638 in
1023 3546 1173 3638 suturo
1198 3550 1353 3637 saeculo
1376 3550 1538 3668 pariter
1562 3579 1709 3639 sumus
1734 3549 1973 3638 concordes
2000 3572 2047 3638 et
2065 3580 2163 3671 per-

734 3702 847 3793 fecta
867 3700 1078 3792 charitate
1101 3699 1342 3788 unanimes.
1371 3704 1462 3788 Hac
1488 3730 1562 3820 spe
1585 3695 1737 3813 fretus,
1765 3727 1921 3818 precor
1948 3702 2094 3789 Deum
2116 3723 2165 3790 ut

734 3883 810 3942 vos
831 3872 973 3941 servet
997 3879 1208 3939 unacum
1236 3855 1367 3968 Rege,
1388 3849 1516 3969 eique
1542 3850 1645 3937 dare
1661 3846 1868 3967 dignetur
1890 3847 2032 3938 bonos
2057 3879 2161 3938 con·

732 4003 931 4094 sultores.
954 4036 978 4084 s

794 4157 911 4244 Cum
924 4180 1028 4240 vero
1043 4153 1131 4273 jam
1148 4171 1326 4269 peracto
1340 4146 1503 4270 judicio
1522 4149 1670 4234 Morus
1690 4144 1737 4234 in
1748 4174 1966 4235 carcerem
1983 4146 2163 4236 reduce·

732 4325 869 4415 retur,
895 4299 1148 4421 priusquam
1175 4298 1229 4386 ad
1246 4295 1421 4386 Turrim
1438 4316 1549 4385 esset
1564 4318 1842 4416 perventum,
1865 4325 1954 4384 una
1976 4294 2162 4384 filiarum

729 4454 838 4575 ejus,
879 4447 1060 4538 nomine
1099 4453 1359 4567 Margareta,
1388 4474 1469 4566 per
1500 4443 1688 4533 mediam
1718 4442 1953 4534 satellitum
1988 4443 2161 4534 turbam

729 4629 875 4713 ruens,
901 4594 1087 4718 flagrans
1110 4594 1345 4686 immodico
1370 4592 1584 4685 desiderio
1609 4592 1758 4713 patris,
1775 4592 1895 4682 nulla
1920 4591 2069 4682 habita
2091 4622 2160 4682 ra·

730 4745 850 4837 tione
881 4746 945 4838 rui
971 4776 1052 4836 nec
1077 4745 1156 4835 loci
1185 4744 1342 4866 pubhci
1369 4774 1449 4834 nec
1473 4741 1861 4857 circumstantium,
1890 4743 1960 4833 vix
1982 4742 2158 4833 tandem
