1481 1781
546 259 653 273 -xv-

242 313 288 336 tes,
299 315 376 332 suum
390 315 447 331 esse
460 305 611 331 existimant
619 314 670 340 pro
685 304 819 331 beneficiis
829 305 953 339 quotidie

241 347 354 382 acceptis
368 347 465 382 gratias
483 347 653 382 quotidianas
668 347 824 382 rependere.

279 389 331 416 Sed
346 389 517 423 quandonam
535 395 562 414 et
580 398 636 423 quo
654 388 725 414 facto
741 397 773 414 ea
790 398 850 423 quae
863 398 953 424 spera-

244 440 302 456 mus
317 437 445 457 eventura
457 430 518 461 sint,
528 430 600 456 solus
616 430 666 456 scit
678 430 758 456 Deus.
770 430 809 457 Ex
822 430 901 456 rebus
916 437 954 456 ta-

243 481 304 498 men
318 472 442 498 anteactis
459 472 561 506 aliquid
578 472 731 507 conjectura
744 472 869 506 augurari
884 472 953 498 licet.

243 514 271 541 Si
295 514 366 539 enim
389 514 498 548 Anglia,
523 514 568 539 illa
595 513 761 543 Sanctorum,
781 520 818 544 et,
839 520 869 539 ut
889 513 953 539 olim

244 555 375 590 appellata
391 562 436 585 est,
450 555 525 590 quasi
542 555 570 580 in
587 555 677 580 dotem
695 554 817 589 Deiparae
835 554 954 589 Virginis

244 597 387 623 constituta
401 596 496 627 insula,
513 596 593 630 Regis
608 596 731 631 exemplo
748 606 778 621 ac
792 596 906 631 imperio
921 596 954 622 ab

244 638 413 665 observantia
437 645 464 664 et
488 638 618 672 obsequio
643 638 670 663 in
692 637 836 663 Romanam
860 637 955 663 Sedem

244 680 385 706 schismate
403 680 493 706 avulsa
512 686 560 710 est,
578 686 669 714 surgat
690 688 759 705 nunc
778 679 835 705 Rex
852 679 955 714 populo

245 728 341 756 gratus,
351 721 393 747 cui
408 721 483 746 cordi
497 721 531 746 sit
545 721 682 755 religiosas
699 721 846 746 discordias
860 720 954 746 restin-

245 772 327 797 guere
341 769 367 788 et
380 772 423 788 res
438 762 471 788 ad
481 762 624 797 pristinum
638 769 736 788 statum
751 762 898 793 restituere,
910 762 955 788 ille

244 804 389 839 subjectam
403 804 455 830 sibi
469 804 576 839 plebem
594 804 704 830 reducet
718 804 751 829 ad
765 813 859 830 verum
874 804 954 834 ovile,

245 846 327 871 modo
346 852 436 880 aperte
453 852 480 871 et
497 852 555 871 toto
570 846 651 871 corde
670 845 829 880 profiteatur
843 856 848 871 :
864 845 955 872 Credo

245 887 272 912 in
294 887 389 918 Unam,
406 887 536 917 Sanctam,
551 886 719 913 catholicam
734 893 760 912 et
772 887 956 922 Apostolicam

244 928 393 954 Ecclesiam.

281 969 352 1001 Quae
372 970 457 996 fausta
478 969 557 996 faciat
575 970 646 995 Deus
664 976 694 995 ut
712 970 819 996 tandem
835 970 957 997 eveniant

246 1011 273 1037 in
290 1020 368 1037 suum
384 1018 411 1037 et
427 1020 537 1037 suorum
554 1011 703 1037 honorem!

281 1140 355 1166 Nulli
375 1149 491 1175 unquam
510 1140 595 1166 labori
616 1148 795 1175 pepercerunt
815 1141 897 1176 Angli
914 1150 957 1168 ca—

246 1182 339 1208 tholici
356 1189 386 1208 ut
402 1192 465 1217 erga
478 1182 608 1217 Martyres
621 1182 771 1209 devotionis
786 1190 957 1209 monumenta

245 1224 434 1258 relinquerent.
446 1223 499 1250 Vix
513 1224 584 1250 enim
598 1230 711 1250 mortem
726 1234 777 1259 pro
792 1224 868 1250 Sedis
884 1225 958 1260 Apo-

246 1265 346 1291 stolicae
368 1266 525 1291 auctoritate
548 1266 647 1291 tuenda
669 1273 697 1292 et
714 1266 873 1293 orthodoxae
892 1266 956 1293 fidei
