<?xml version="1.0" encoding="UTF-8"?>
<!DOCTYPE html PUBLIC "-//W3C//DTD XHTML 1.0 Transitional//EN"
    "http://www.w3.org/TR/xhtml1/DTD/xhtml1-transitional.dtd">
<html xmlns="http://www.w3.org/1999/xhtml" xml:lang="en" lang="en">
 <head>
  <title>
</title>
<meta http-equiv="Content-Type" content="text/html;charset=utf-8" />
  <meta name='ocr-system' content='tesseract 3.04.00' />
  <meta name='ocr-capabilities' content='ocr_page ocr_carea ocr_par ocr_line ocrx_word'/>
</head>
<body>
  <div class='ocr_page' id='page_1' title='image "./historiaaliquot00chaugoog_0170.png"; bbox 0 0 4740 6414; ppageno 0'>
   <div class='ocr_carea' id='block_1_1' title="bbox 812 721 1054 799">
    <p class='ocr_par' dir='ltr' id='par_1_1' title="bbox 812 721 1054 799">
     <span class='ocr_line' id='line_1_1' title="bbox 812 721 1054 799; baseline -0.012 -43"><span class='ocrx_word' id='word_1_1' title='bbox 812 721 1054 799; x_wconf 77' lang='lat'>-,4,-</span> 
     </span>
    </p>
   </div>
   <div class='ocr_carea' id='block_1_2' title="bbox 861 957 1032 1047">
    <p class='ocr_par' dir='ltr' id='par_1_2' title="bbox 861 957 1032 1047">
     <span class='ocr_line' id='line_1_2' title="bbox 861 957 1032 1047; baseline 0 -23"><span class='ocrx_word' id='word_1_2' title='bbox 861 957 947 1047; x_wconf 88' lang='lat' dir='ltr'>Pag.</span> <span class='ocrx_word' id='word_1_3' title='bbox 973 957 1032 1024; x_wconf 91' lang='grc' dir='ltr'>6ο.</span> 
     </span>
    </p>
   </div>
   <div class='ocr_carea' id='block_1_3' title="bbox 219 1156 1646 1424">
    <p class='ocr_par' dir='ltr' id='par_1_3' title="bbox 219 1156 1646 1424">
     <span class='ocr_line' id='line_1_3' title="bbox 265 1156 1644 1312; baseline -0.001 -84"><span class='ocrx_word' id='word_1_4' title='bbox 265 1182 278 1228; x_wconf 93' lang='lat'>1</span> <span class='ocrx_word' id='word_1_5' title='bbox 330 1157 400 1226; x_wconf 92' lang='lat' dir='ltr'>Hic</span> <span class='ocrx_word' id='word_1_6' title='bbox 420 1179 490 1225; x_wconf 92' lang='lat' dir='ltr'>non</span> <span class='ocrx_word' id='word_1_7' title='bbox 506 1156 717 1226; x_wconf 88' lang='lat' dir='ltr'>abstinentia</span> <span class='ocrx_word' id='word_1_8' title='bbox 736 1179 756 1225; x_wconf 92' lang='lat' dir='ltr'>a</span> <span class='ocrx_word' id='word_1_9' title='bbox 775 1179 880 1225; x_wconf 91' lang='lat' dir='ltr'>carne</span> <span class='ocrx_word' id='word_1_10' title='bbox 898 1156 1128 1312; x_wconf 57' lang='lat' dir='ltr'>sipnificatur,</span> <span class='ocrx_word' id='word_1_11' title='bbox 1152 1173 1273 1247; x_wconf 88' lang='lat' dir='ltr'>utpote</span> <span class='ocrx_word' id='word_1_12' title='bbox 1289 1178 1369 1247; x_wconf 88' lang='lat' dir='ltr'>quae</span> <span class='ocrx_word' id='word_1_13' title='bbox 1386 1173 1557 1247; x_wconf 91' lang='lat' dir='ltr'>perpetua</span> <span class='ocrx_word' id='word_1_14' title='bbox 1579 1175 1644 1242; x_wconf 91' lang='lat' dir='ltr'>est,</span> 
     </span>
     <span class='ocr_line' id='line_1_4' title="bbox 219 1244 1646 1350; baseline -0.001 -34"><span class='ocrx_word' id='word_1_15' title='bbox 219 1268 284 1316; x_wconf 88' lang='lat' dir='ltr'>nec</span> <span class='ocrx_word' id='word_1_16' title='bbox 307 1244 746 1350; x_wconf 70' lang='lat' dir='ltr'>admittitexceptionem3</span> <span class='ocrx_word' id='word_1_17' title='bbox 767 1267 890 1313; x_wconf 91' lang='lat' dir='ltr'>verum</span> <span class='ocrx_word' id='word_1_18' title='bbox 909 1268 931 1312; x_wconf 86' lang='lat' dir='ltr'>a</span> <span class='ocrx_word' id='word_1_19' title='bbox 954 1245 1123 1314; x_wconf 84' lang='lat' dir='ltr'>str&#39;nentia</span> <span class='ocrx_word' id='word_1_20' title='bbox 1143 1246 1286 1337; x_wconf 90' lang='lat' dir='ltr'>proprie</span> <span class='ocrx_word' id='word_1_21' title='bbox 1299 1245 1439 1332; x_wconf 88' lang='lat' dir='ltr'>dicitur,</span> <span class='ocrx_word' id='word_1_22' title='bbox 1460 1246 1495 1313; x_wconf 92' lang='lat' dir='ltr'>in</span> <span class='ocrx_word' id='word_1_23' title='bbox 1510 1245 1646 1316; x_wconf 87' lang='lat' dir='ltr'>Ordine</span> 
     </span>
     <span class='ocr_line' id='line_1_5' title="bbox 219 1350 926 1424; baseline -0.003 -20"><span class='ocrx_word' id='word_1_24' title='bbox 219 1350 539 1424; x_wconf 65' lang='lat' dir='ltr'>nostro,te1un1um</span> <span class='ocrx_word' id='word_1_25' title='bbox 560 1355 640 1402; x_wconf 90' lang='lat' dir='ltr'>cum</span> <span class='ocrx_word' id='word_1_26' title='bbox 660 1356 750 1424; x_wconf 90' lang='lat' dir='ltr'>pane</span> <span class='ocrx_word' id='word_1_27' title='bbox 771 1350 805 1402; x_wconf 92' lang='lat' dir='ltr'>et</span> <span class='ocrx_word' id='word_1_28' title='bbox 822 1356 926 1422; x_wconf 86' lang='lat' dir='ltr'>aqua.</span> 
     </span>
    </p>
   </div>
   <div class='ocr_carea' id='block_1_4' title="bbox 852 1578 1022 1669">
    <p class='ocr_par' dir='ltr' id='par_1_4' title="bbox 852 1578 1022 1669">
     <span class='ocr_line' id='line_1_6' title="bbox 852 1578 1022 1669; baseline 0.018 -22"><span class='ocrx_word' id='word_1_29' title='bbox 852 1578 938 1669; x_wconf 83' lang='lat' dir='ltr'><strong>Pag.</strong></span> <span class='ocrx_word' id='word_1_30' title='bbox 964 1579 1022 1650; x_wconf 87' lang='lat'>61.</span> 
     </span>
    </p>
   </div>
   <div class='ocr_carea' id='block_1_5' title="bbox 269 1779 985 1872">
    <p class='ocr_par' dir='ltr' id='par_1_5' title="bbox 269 1779 985 1872">
     <span class='ocr_line' id='line_1_7' title="bbox 269 1779 985 1872; baseline 0.003 -23"><span class='ocrx_word' id='word_1_31' title='bbox 269 1803 280 1849; x_wconf 95' lang='lat'><em>1</em></span> <span class='ocrx_word' id='word_1_32' title='bbox 332 1779 464 1852; x_wconf 85' lang='lat' dir='ltr'>Confer</span> <span class='ocrx_word' id='word_1_33' title='bbox 484 1804 519 1871; x_wconf 90' lang='lat' dir='ltr'>p.</span> <span class='ocrx_word' id='word_1_34' title='bbox 535 1779 581 1867; x_wconf 89' lang='lat'>48</span> <span class='ocrx_word' id='word_1_35' title='bbox 602 1779 639 1849; x_wconf 84' lang='lat' dir='ltr'>in</span> <span class='ocrx_word' id='word_1_36' title='bbox 647 1779 731 1870; x_wconf 78' lang='lat' dir='ltr'>fine}</span> <span class='ocrx_word' id='word_1_37' title='bbox 741 1797 775 1849; x_wconf 94' lang='lat' dir='ltr'>et</span> <span class='ocrx_word' id='word_1_38' title='bbox 788 1802 834 1872; x_wconf 79' lang='lat'>49</span> <span class='ocrx_word' id='word_1_39' title='bbox 851 1780 887 1848; x_wconf 89' lang='lat' dir='ltr'>in</span> <span class='ocrx_word' id='word_1_40' title='bbox 895 1780 985 1871; x_wconf 79' lang='lat' dir='ltr'>fine.</span> 
     </span>
    </p>
   </div>
   <div class='ocr_carea' id='block_1_6' title="bbox 852 2028 1022 2117">
    <p class='ocr_par' dir='ltr' id='par_1_6' title="bbox 852 2028 1022 2117">
     <span class='ocr_line' id='line_1_8' title="bbox 852 2028 1022 2117; baseline 0.006 -23"><span class='ocrx_word' id='word_1_41' title='bbox 852 2028 939 2117; x_wconf 85' lang='lat' dir='ltr'>Pag.</span> <span class='ocrx_word' id='word_1_42' title='bbox 964 2029 1022 2096; x_wconf 78' lang='lat'><strong>62.</strong></span> 
     </span>
    </p>
   </div>
   <div class='ocr_carea' id='block_1_7' title="bbox 220 2227 1648 2562">
    <p class='ocr_par' dir='ltr' id='par_1_7' title="bbox 220 2227 1648 2562">
     <span class='ocr_line' id='line_1_9' title="bbox 268 2227 1648 2319; baseline -0.002 -22"><span class='ocrx_word' id='word_1_43' title='bbox 268 2253 280 2297; x_wconf 91' lang='lat'><em>1</em></span> <span class='ocrx_word' id='word_1_44' title='bbox 334 2230 386 2298; x_wconf 87' lang='lat' dir='ltr'>Ex</span> <span class='ocrx_word' id='word_1_45' title='bbox 407 2227 463 2295; x_wconf 92' lang='lat' dir='ltr'>his</span> <span class='ocrx_word' id='word_1_46' title='bbox 483 2243 578 2317; x_wconf 90' lang='lat' dir='ltr'>patet</span> <span class='ocrx_word' id='word_1_47' title='bbox 600 2229 640 2296; x_wconf 92' lang='lat' dir='ltr'>D.</span> <span class='ocrx_word' id='word_1_48' title='bbox 663 2227 836 2296; x_wconf 90' lang='lat' dir='ltr'>Joannem</span> <span class='ocrx_word' id='word_1_49' title='bbox 854 2229 1048 2319; x_wconf 84' lang='lat' dir='ltr'>Houghton</span> <span class='ocrx_word' id='word_1_50' title='bbox 1066 2227 1186 2317; x_wconf 90' lang='lat' dir='ltr'>plures</span> <span class='ocrx_word' id='word_1_51' title='bbox 1202 2227 1327 2296; x_wconf 91' lang='lat' dir='ltr'>saltem</span> <span class='ocrx_word' id='word_1_52' title='bbox 1343 2249 1482 2296; x_wconf 91' lang='lat' dir='ltr'>menses</span> <span class='ocrx_word' id='word_1_53' title='bbox 1495 2227 1531 2296; x_wconf 91' lang='lat' dir='ltr'>in</span> <span class='ocrx_word' id='word_1_54' title='bbox 1548 2227 1648 2295; x_wconf 77' lang='lat' dir='ltr'>Prio-</span> 
     </span>
     <span class='ocr_line' id='line_1_10' title="bbox 221 2315 1645 2406; baseline 0.001 -22"><span class='ocrx_word' id='word_1_55' title='bbox 221 2333 297 2384; x_wconf 89' lang='lat' dir='ltr'>ratu</span> <span class='ocrx_word' id='word_1_56' title='bbox 322 2316 391 2405; x_wconf 90' lang='lat' dir='ltr'>jam</span> <span class='ocrx_word' id='word_1_57' title='bbox 413 2316 641 2406; x_wconf 84' lang='lat' dir='ltr'>transegisse,</span> <span class='ocrx_word' id='word_1_58' title='bbox 691 2338 776 2384; x_wconf 91' lang='lat' dir='ltr'>uum</span> <span class='ocrx_word' id='word_1_59' title='bbox 796 2317 988 2384; x_wconf 88' lang='lat' dir='ltr'>Mauritius</span> <span class='ocrx_word' id='word_1_60' title='bbox 1007 2316 1179 2406; x_wconf 87' lang='lat' dir='ltr'>Chauncy</span> <span class='ocrx_word' id='word_1_61' title='bbox 1205 2315 1240 2384; x_wconf 92' lang='lat' dir='ltr'>in</span> <span class='ocrx_word' id='word_1_62' title='bbox 1263 2315 1464 2384; x_wconf 90' lang='lat' dir='ltr'>Cartusiam</span> <span class='ocrx_word' id='word_1_63' title='bbox 1490 2315 1645 2386; x_wconf 91' lang='lat' dir='ltr'>advenit.</span> 
     </span>
     <span class='ocr_line' id='line_1_11' title="bbox 221 2402 1647 2562; baseline -0.001 -90"><span class='ocrx_word' id='word_1_64' title='bbox 221 2405 325 2506; x_wconf 86' lang='lat' dir='ltr'>Dum.</span> <span class='ocrx_word' id='word_1_65' title='bbox 351 2420 469 2562; x_wconf 55' lang='lat' dir='ltr'>{sptem</span> <span class='ocrx_word' id='word_1_66' title='bbox 488 2403 618 2472; x_wconf 90' lang='lat' dir='ltr'>Joann.</span> <span class='ocrx_word' id='word_1_67' title='bbox 686 2406 846 2495; x_wconf 84' lang='lat' dir='ltr'>oughton</span> <span class='ocrx_word' id='word_1_68' title='bbox 862 2405 965 2473; x_wconf 90' lang='lat' dir='ltr'>Prior</span> <span class='ocrx_word' id='word_1_69' title='bbox 981 2403 1110 2473; x_wconf 91' lang='lat' dir='ltr'>electus</span> <span class='ocrx_word' id='word_1_70' title='bbox 1125 2421 1179 2473; x_wconf 90' lang='lat' dir='ltr'>est</span> <span class='ocrx_word' id='word_1_71' title='bbox 1194 2403 1285 2472; x_wconf 89' lang='lat' dir='ltr'>circa</span> <span class='ocrx_word' id='word_1_72' title='bbox 1309 2404 1413 2472; x_wconf 88' lang='lat' dir='ltr'>finem</span> <span class='ocrx_word' id='word_1_73' title='bbox 1432 2402 1647 2473; x_wconf 87' lang='lat' dir='ltr'>Novembris</span> 
     </span>
     <span class='ocr_line' id='line_1_12' title="bbox 220 2515 431 2562; baseline 0.009 -2"><span class='ocrx_word' id='word_1_74' title='bbox 220 2515 303 2561; x_wconf 92' lang='lat' dir='ltr'>anm</span> <span class='ocrx_word' id='word_1_75' title='bbox 331 2517 342 2562; x_wconf 90' lang='lat'>1</span> <span class='ocrx_word' id='word_1_76' title='bbox 402 2517 431 2562; x_wconf 87' lang='grc' dir='ltr'>ι.</span> 
     </span>
    </p>
   </div>
   <div class='ocr_carea' id='block_1_8' title="bbox 854 2738 1021 2829">
    <p class='ocr_par' dir='ltr' id='par_1_8' title="bbox 854 2738 1021 2829">
     <span class='ocr_line' id='line_1_13' title="bbox 854 2738 1021 2829; baseline 0 -22"><span class='ocrx_word' id='word_1_77' title='bbox 854 2738 940 2829; x_wconf 83' lang='lat' dir='ltr'><strong>Pag.</strong></span> <span class='ocrx_word' id='word_1_78' title='bbox 965 2741 1021 2826; x_wconf 83' lang='lat'><strong>64.</strong></span> 
     </span>
    </p>
   </div>
   <div class='ocr_carea' id='block_1_9' title="bbox 268 2939 1442 3032">
    <p class='ocr_par' dir='ltr' id='par_1_9' title="bbox 268 2939 1442 3032">
     <span class='ocr_line' id='line_1_14' title="bbox 268 2939 1442 3032; baseline -0.002 -22"><span class='ocrx_word' id='word_1_79' title='bbox 268 2966 279 3010; x_wconf 85' lang='grc' dir='ltr'><em>ι</em></span> <span class='ocrx_word' id='word_1_80' title='bbox 331 2941 422 3010; x_wconf 91' lang='lat' dir='ltr'>Vide</span> <span class='ocrx_word' id='word_1_81' title='bbox 441 2965 477 3032; x_wconf 88' lang='lat' dir='ltr'>p.</span> <span class='ocrx_word' id='word_1_82' title='bbox 498 2940 557 3028; x_wconf 89' lang='lat'>48,</span> <span class='ocrx_word' id='word_1_83' title='bbox 578 2940 745 3024; x_wconf 63' lang='lat' dir='ltr'>§ultimo</span> <span class='ocrx_word' id='word_1_84' title='bbox 764 2956 798 3010; x_wconf 92' lang='lat' dir='ltr'>et</span> <span class='ocrx_word' id='word_1_85' title='bbox 819 2958 991 3031; x_wconf 89' lang='lat' dir='ltr'>cap.v111:</span> <span class='ocrx_word' id='word_1_86' title='bbox 1010 2941 1053 3008; x_wconf 90' lang='lat' dir='ltr'>de</span> <span class='ocrx_word' id='word_1_87' title='bbox 1070 2939 1254 3010; x_wconf 86' lang='lat' dir='ltr'>Fratribus</span> <span class='ocrx_word' id='word_1_88' title='bbox 1268 2939 1442 3030; x_wconf 89' lang='lat' dir='ltr'>reprobis.</span> 
     </span>
    </p>
   </div>
   <div class='ocr_carea' id='block_1_10' title="bbox 852 3187 1021 3278">
    <p class='ocr_par' dir='ltr' id='par_1_10' title="bbox 852 3187 1021 3278">
     <span class='ocr_line' id='line_1_15' title="bbox 852 3187 1021 3278; baseline -0.006 -22"><span class='ocrx_word' id='word_1_89' title='bbox 852 3187 937 3278; x_wconf 84' lang='lat' dir='ltr'>Pag.</span> <span class='ocrx_word' id='word_1_90' title='bbox 963 3188 1021 3255; x_wconf 87' lang='lat'>65.</span> 
     </span>
    </p>
   </div>
   <div class='ocr_carea' id='block_1_11' title="bbox 220 3387 1648 3832">
    <p class='ocr_par' dir='ltr' id='par_1_11' title="bbox 220 3387 1648 3832">
     <span class='ocr_line' id='line_1_16' title="bbox 269 3387 1646 3479; baseline -0.001 -23"><span class='ocrx_word' id='word_1_91' title='bbox 269 3413 280 3457; x_wconf 90' lang='lat'>1</span> <span class='ocrx_word' id='word_1_92' title='bbox 333 3390 375 3457; x_wconf 93' lang='lat' dir='ltr'>In</span> <span class='ocrx_word' id='word_1_93' title='bbox 406 3405 436 3456; x_wconf 82' lang='lat'>1⁸</span> <span class='ocrx_word' id='word_1_94' title='bbox 457 3389 624 3473; x_wconf 86' lang='lat' dir='ltr'>editione,</span> <span class='ocrx_word' id='word_1_95' title='bbox 652 3388 915 3479; x_wconf 85' lang='lat' dir='ltr'>parenthesis«</span> <span class='ocrx_word' id='word_1_96' title='bbox 945 3387 1180 3477; x_wconf 88' lang='lat' dir='ltr'>incompletus</span> <span class='ocrx_word' id='word_1_97' title='bbox 1205 3409 1376 3456; x_wconf 90' lang='lat' dir='ltr'>numerus</span> <span class='ocrx_word' id='word_1_98' title='bbox 1398 3403 1516 3471; x_wconf 90' lang='lat' dir='ltr'>restat,</span> <span class='ocrx_word' id='word_1_99' title='bbox 1538 3402 1601 3456; x_wconf 91' lang='lat' dir='ltr'>etc.</span> <span class='ocrx_word' id='word_1_100' title='bbox 1629 3413 1646 3450; x_wconf 91' lang='lat'>»</span> 
     </span>
     <span class='ocr_line' id='line_1_17' title="bbox 221 3474 1647 3578; baseline -0.001 -34"><span class='ocrx_word' id='word_1_101' title='bbox 221 3477 277 3545; x_wconf 93' lang='lat' dir='ltr'>hic</span> <span class='ocrx_word' id='word_1_102' title='bbox 304 3498 411 3578; x_wconf 91' lang='lat' dir='ltr'>prave</span> <span class='ocrx_word' id='word_1_103' title='bbox 451 3478 566 3567; x_wconf 90' lang='lat' dir='ltr'>posita</span> <span class='ocrx_word' id='word_1_104' title='bbox 594 3494 658 3559; x_wconf 92' lang='lat' dir='ltr'>est,</span> <span class='ocrx_word' id='word_1_105' title='bbox 691 3475 752 3544; x_wconf 93' lang='lat' dir='ltr'>ubi</span> <span class='ocrx_word' id='word_1_106' title='bbox 782 3474 1082 3544; x_wconf 86' lang='lat' dir='ltr'>continuationem</span> <span class='ocrx_word' id='word_1_107' title='bbox 1116 3476 1290 3544; x_wconf 92' lang='lat' dir='ltr'>sermonis</span> <span class='ocrx_word' id='word_1_108' title='bbox 1319 3475 1500 3566; x_wconf 87' lang='lat' dir='ltr'>praepedit.</span> <span class='ocrx_word' id='word_1_109' title='bbox 1543 3474 1647 3546; x_wconf 93' lang='lat' dir='ltr'>Unde</span> 
     </span>
     <span class='ocr_line' id='line_1_18' title="bbox 220 3562 1648 3654; baseline -0.002 -21"><span class='ocrx_word' id='word_1_110' title='bbox 220 3565 393 3653; x_wconf 83' lang='lat' dir='ltr'>conjicere</span> <span class='ocrx_word' id='word_1_111' title='bbox 416 3564 493 3633; x_wconf 92' lang='lat' dir='ltr'>licet</span> <span class='ocrx_word' id='word_1_112' title='bbox 519 3588 595 3633; x_wconf 91' lang='lat' dir='ltr'>eam</span> <span class='ocrx_word' id='word_1_113' title='bbox 619 3565 900 3634; x_wconf 89' lang='lat' dir='ltr'>additamentum</span> <span class='ocrx_word' id='word_1_114' title='bbox 922 3586 998 3631; x_wconf 89' lang='lat' dir='ltr'>esse</span> <span class='ocrx_word' id='word_1_115' title='bbox 1020 3563 1063 3632; x_wconf 90' lang='lat' dir='ltr'>ab</span> <span class='ocrx_word' id='word_1_116' title='bbox 1087 3568 1243 3632; x_wconf 84' lang='lat' dir='ltr'>Auctore</span> <span class='ocrx_word' id='word_1_117' title='bbox 1264 3563 1300 3632; x_wconf 94' lang='lat' dir='ltr'>in</span> <span class='ocrx_word' id='word_1_118' title='bbox 1322 3563 1480 3654; x_wconf 84' lang='lat' dir='ltr'>margine</span> <span class='ocrx_word' id='word_1_119' title='bbox 1505 3562 1648 3631; x_wconf 91' lang='lat' dir='ltr'>Codicis</span> 
     </span>
     <span class='ocr_line' id='line_1_19' title="bbox 220 3650 1648 3743; baseline -0.001 -23"><span class='ocrx_word' id='word_1_120' title='bbox 220 3652 404 3743; x_wconf 92' lang='lat' dir='ltr'>scriptum,</span> <span class='ocrx_word' id='word_1_121' title='bbox 421 3676 440 3720; x_wconf 93' lang='lat' dir='ltr'>a</span> <span class='ocrx_word' id='word_1_122' title='bbox 458 3670 542 3743; x_wconf 88' lang='lat' dir='ltr'>typo</span> <span class='ocrx_word' id='word_1_123' title='bbox 568 3654 679 3743; x_wconf 93' lang='lat' dir='ltr'>rapho</span> <span class='ocrx_word' id='word_1_124' title='bbox 699 3669 818 3721; x_wconf 90' lang='lat' dir='ltr'>autem</span> <span class='ocrx_word' id='word_1_125' title='bbox 839 3674 911 3720; x_wconf 93' lang='lat' dir='ltr'>non</span> <span class='ocrx_word' id='word_1_126' title='bbox 930 3673 996 3719; x_wconf 91' lang='lat' dir='ltr'>suo</span> <span class='ocrx_word' id='word_1_127' title='bbox 1010 3652 1088 3719; x_wconf 93' lang='lat' dir='ltr'>loco</span> <span class='ocrx_word' id='word_1_128' title='bbox 1107 3650 1335 3741; x_wconf 89' lang='lat' dir='ltr'>impressum.</span> <span class='ocrx_word' id='word_1_129' title='bbox 1358 3650 1504 3735; x_wconf 87' lang='lat' dir='ltr'>Confer,</span> <span class='ocrx_word' id='word_1_130' title='bbox 1522 3651 1564 3719; x_wconf 94' lang='lat' dir='ltr'>de</span> <span class='ocrx_word' id='word_1_131' title='bbox 1586 3651 1648 3719; x_wconf 87' lang='lat' dir='ltr'>ad·</span> 
     </span>
     <span class='ocr_line' id='line_1_20' title="bbox 220 3676 789 3832; baseline 0 -24"><span class='ocrx_word' id='word_1_132' title='bbox 220 3740 318 3826; x_wconf 93' lang='lat' dir='ltr'>ditis,</span> <span class='ocrx_word' id='word_1_133' title='bbox 338 3764 374 3831; x_wconf 91' lang='lat' dir='ltr'>p.</span> <span class='ocrx_word' id='word_1_134' title='bbox 390 3763 468 3808; x_wconf 81' lang='lat' dir='ltr'>xxvi</span> <span class='ocrx_word' id='word_1_135' title='bbox 483 3741 520 3809; x_wconf 88' lang='lat' dir='ltr'>in</span> <span class='ocrx_word' id='word_1_136' title='bbox 527 3676 619 3832; x_wconf 51' lang='lat' dir='ltr'>sine,</span> <span class='ocrx_word' id='word_1_137' title='bbox 640 3757 673 3809; x_wconf 96' lang='lat' dir='ltr'>et</span> <span class='ocrx_word' id='word_1_138' title='bbox 686 3763 789 3809; x_wconf 78' lang='lat' dir='ltr'><strong>xxvii.</strong></span> 
     </span>
    </p>
   </div>
   <div class='ocr_carea' id='block_1_12' title="bbox 850 3985 1019 4077">
    <p class='ocr_par' dir='ltr' id='par_1_12' title="bbox 850 3985 1019 4077">
     <span class='ocr_line' id='line_1_21' title="bbox 850 3985 1019 4077; baseline -0.012 -21"><span class='ocrx_word' id='word_1_139' title='bbox 850 3987 935 4077; x_wconf 85' lang='lat' dir='ltr'><strong>Pag.</strong></span> <span class='ocrx_word' id='word_1_140' title='bbox 961 3985 1019 4054; x_wconf 88' lang='lat'>68.</span> 
     </span>
    </p>
   </div>
   <div class='ocr_carea' id='block_1_13' title="bbox 265 4185 1601 4382">
    <p class='ocr_par' dir='ltr' id='par_1_13' title="bbox 265 4185 1601 4382">
     <span class='ocr_line' id='line_1_22' title="bbox 270 4185 1490 4271; baseline 0 -17"><span class='ocrx_word' id='word_1_141' title='bbox 270 4208 280 4254; x_wconf 92' lang='lat' dir='ltr'>r</span> <span class='ocrx_word' id='word_1_142' title='bbox 333 4188 375 4255; x_wconf 90' lang='lat' dir='ltr'>ln</span> <span class='ocrx_word' id='word_1_143' title='bbox 392 4185 537 4257; x_wconf 87' lang='lat' dir='ltr'>Octavis</span> <span class='ocrx_word' id='word_1_144' title='bbox 551 4185 683 4255; x_wconf 90' lang='lat' dir='ltr'>scilicet</span> <span class='ocrx_word' id='word_1_145' title='bbox 704 4186 841 4256; x_wconf 89' lang='lat' dir='ltr'>Natalis</span> <span class='ocrx_word' id='word_1_146' title='bbox 858 4186 1017 4271; x_wconf 92' lang='lat' dir='ltr'>Domini,</span> <span class='ocrx_word' id='word_1_147' title='bbox 1035 4187 1182 4255; x_wconf 87' lang='lat' dir='ltr'>Paschae</span> <span class='ocrx_word' id='word_1_148' title='bbox 1200 4203 1236 4255; x_wconf 91' lang='lat' dir='ltr'>et</span> <span class='ocrx_word' id='word_1_149' title='bbox 1251 4186 1490 4255; x_wconf 89' lang='lat' dir='ltr'>Pentecostes.</span> 
     </span>
     <span class='ocr_line' id='line_1_23' title="bbox 265 4291 1601 4382; baseline 0.001 -23"><span class='ocrx_word' id='word_1_150' title='bbox 265 4314 285 4359; x_wconf 85' lang='lat'>2</span> <span class='ocrx_word' id='word_1_151' title='bbox 334 4292 416 4360; x_wconf 89' lang='lat' dir='ltr'>Fuit</span> <span class='ocrx_word' id='word_1_152' title='bbox 432 4291 537 4360; x_wconf 90' lang='lat' dir='ltr'>Prior</span> <span class='ocrx_word' id='word_1_153' title='bbox 550 4293 688 4361; x_wconf 90' lang='lat' dir='ltr'>Domus</span> <span class='ocrx_word' id='word_1_154' title='bbox 705 4293 881 4378; x_wconf 88' lang='lat' dir='ltr'>Witham,</span> <span class='ocrx_word' id='word_1_155' title='bbox 899 4309 1019 4382; x_wconf 90' lang='lat' dir='ltr'>postea</span> <span class='ocrx_word' id='word_1_156' title='bbox 1037 4291 1260 4382; x_wconf 78' lang='lat' dir='ltr'>Episcopus3</span> <span class='ocrx_word' id='word_1_157' title='bbox 1277 4291 1365 4360; x_wconf 91' lang='lat' dir='ltr'>obiit</span> <span class='ocrx_word' id='word_1_158' title='bbox 1383 4313 1477 4360; x_wconf 92' lang='lat' dir='ltr'>anno</span> <span class='ocrx_word' id='word_1_159' title='bbox 1500 4313 1601 4362; x_wconf 87' lang='lat'><strong>1200.</strong></span> 
     </span>
    </p>
   </div>
   <div class='ocr_carea' id='block_1_14' title="bbox 850 4540 1020 4630">
    <p class='ocr_par' dir='ltr' id='par_1_14' title="bbox 850 4540 1020 4630">
     <span class='ocr_line' id='line_1_24' title="bbox 850 4540 1020 4630; baseline -0.012 -21"><span class='ocrx_word' id='word_1_160' title='bbox 850 4540 935 4630; x_wconf 83' lang='lat' dir='ltr'>Pag.</span> <span class='ocrx_word' id='word_1_161' title='bbox 960 4542 1020 4630; x_wconf 87' lang='lat'><strong>69.</strong></span> 
     </span>
    </p>
   </div>
   <div class='ocr_carea' id='block_1_15' title="bbox 219 4730 1646 4910">
    <p class='ocr_par' dir='ltr' id='par_1_15' title="bbox 219 4730 1646 4910">
     <span class='ocr_line' id='line_1_25' title="bbox 270 4730 1646 4815; baseline -0.001 -14"><span class='ocrx_word' id='word_1_162' title='bbox 270 4756 280 4800; x_wconf 91' lang='lat' dir='ltr'>r</span> <span class='ocrx_word' id='word_1_163' title='bbox 334 4734 413 4801; x_wconf 91' lang='lat' dir='ltr'>Hoc</span> <span class='ocrx_word' id='word_1_164' title='bbox 427 4753 511 4800; x_wconf 91' lang='lat' dir='ltr'>vero</span> <span class='ocrx_word' id='word_1_165' title='bbox 535 4732 733 4801; x_wconf 91' lang='lat' dir='ltr'>notandum</span> <span class='ocrx_word' id='word_1_166' title='bbox 754 4749 828 4800; x_wconf 90' lang='lat' dir='ltr'>est:</span> <span class='ocrx_word' id='word_1_167' title='bbox 856 4759 874 4796; x_wconf 86' lang='lat'>«</span> <span class='ocrx_word' id='word_1_168' title='bbox 891 4730 1052 4803; x_wconf 87' lang='lat' dir='ltr'>Cantatis</span> <span class='ocrx_word' id='word_1_169' title='bbox 1079 4730 1285 4815; x_wconf 91' lang='lat' dir='ltr'>Nocturnis,</span> <span class='ocrx_word' id='word_1_170' title='bbox 1307 4730 1413 4799; x_wconf 87' lang='lat' dir='ltr'>breve</span> <span class='ocrx_word' id='word_1_171' title='bbox 1433 4730 1582 4799; x_wconf 84' lang='lat' dir='ltr'>facimus</span> <span class='ocrx_word' id='word_1_172' title='bbox 1598 4732 1646 4800; x_wconf 92' lang='lat' dir='ltr'>in-</span> 
     </span>
     <span class='ocr_line' id='line_1_26' title="bbox 219 4819 1646 4910; baseline 0 -23"><span class='ocrx_word' id='word_1_173' title='bbox 219 4820 419 4905; x_wconf 90' lang='lat' dir='ltr'>tervallum,</span> <span class='ocrx_word' id='word_1_174' title='bbox 452 4822 487 4889; x_wconf 96' lang='lat' dir='ltr'>in</span> <span class='ocrx_word' id='word_1_175' title='bbox 517 4842 601 4910; x_wconf 92' lang='lat' dir='ltr'>quo,</span> <span class='ocrx_word' id='word_1_176' title='bbox 628 4820 690 4910; x_wconf 92' lang='lat' dir='ltr'>qui</span> <span class='ocrx_word' id='word_1_177' title='bbox 718 4820 881 4905; x_wconf 91' lang='lat' dir='ltr'>voluerit,</span> <span class='ocrx_word' id='word_1_178' title='bbox 910 4840 1090 4889; x_wconf 89' lang='lat' dir='ltr'>remanere</span> <span class='ocrx_word' id='word_1_179' title='bbox 1117 4836 1236 4909; x_wconf 89' lang='lat' dir='ltr'>potest</span> <span class='ocrx_word' id='word_1_180' title='bbox 1261 4819 1297 4889; x_wconf 92' lang='lat' dir='ltr'>in</span> <span class='ocrx_word' id='word_1_181' title='bbox 1323 4819 1446 4903; x_wconf 91' lang='lat' dir='ltr'>chor0,</span> <span class='ocrx_word' id='word_1_182' title='bbox 1469 4836 1564 4887; x_wconf 91' lang='lat' dir='ltr'>stans</span> <span class='ocrx_word' id='word_1_183' title='bbox 1591 4821 1646 4889; x_wconf 90' lang='lat' dir='ltr'>vel</span> 
     </span>
    </p>
   </div>
   <div class='ocr_carea' id='block_1_16' title="bbox 0 0 2374 6408">
    <p class='ocr_par' dir='ltr' id='par_1_16' title="bbox 0 0 2374 6408">
     <span class='ocr_line' id='line_1_27' title="bbox 0 0 2374 6408; baseline 0 0"><span class='ocrx_word' id='word_1_184' title='bbox 0 0 2374 6408; x_wconf 95' lang='lat' dir='ltr'> </span> 
     </span>
    </p>
   </div>
  </div>
 </body>
</html>
