4740 6414
1345 690 1585 770 ..104-

747 873 891 995 sicque
911 873 1111 966 decidens
1132 875 1179 967 in
1200 898 1379 991 terram,
1400 877 1623 997 paululum
1648 876 1859 999 palpitare
1885 900 1932 968 et
1962 877 2187 1000 respirare

747 1024 891 1146 coepit.

808 1181 931 1264 Tunc
954 1173 1000 1264 in
1024 1174 1156 1265 alium
1180 1179 1323 1267 locum
1350 1178 1620 1299 adjacentem
1645 1199 1807 1267 tractus
1830 1174 1925 1290 fuit,
1946 1177 2023 1267 ubi
2046 1177 2184 1268 vesti-

747 1326 826 1415 bus
862 1325 1064 1415 omnibus
1093 1325 1400 1416 violentissime
1435 1328 1653 1443 extractis,
1683 1329 1825 1418 nudus
1859 1357 1989 1449 super
2018 1328 2182 1450 praedi-

746 1497 864 1564 ctum
889 1475 1140 1565 vimicillum
1163 1477 1251 1566 sive
1272 1478 1468 1566 traheam
1493 1507 1639 1567 rursus
1655 1477 1938 1592 distenditur;
1964 1477 2011 1567 in
2036 1508 2175 1598 quem

456 1653 572 1768 mxima
588 1653 719 1706 evocem·
745 1656 850 1713 mox
875 1649 1080 1716 cruentus
1108 1626 1234 1715 lictor
1250 1625 1434 1716 nefarias
1460 1657 1554 1716 suas
1576 1658 1729 1717 manus
1752 1625 1880 1716 misit.
1910 1625 2057 1716 Primo
2083 1631 2185 1750 ejus

744 1776 935 1866 verenda
965 1775 1158 1892 abscidit,
1193 1777 1350 1865 deinde
1381 1799 1580 1866 ventrem
1618 1783 1709 1900 ejus
1740 1776 1904 1897 dirupit
1936 1798 1982 1865 et
2016 1775 2184 1866 viscera

744 1925 959 2040 universa,
987 1956 1063 2015 cor
1095 1958 1272 2047 quoque
1315 1949 1359 2016 et
1400 1927 1548 2016 omnia
1582 1927 1792 2017 interiora
1828 1958 1904 2017 sua
1940 1927 2098 2019 evulsit
2130 1959 2184 2017 ac

744 2074 927 2198 projecit
958 2075 1004 2163 in
1035 2075 1205 2195 ignem3
1238 2076 1330 2196 ipso
1361 2075 1538 2165 interim
1562 2077 1808 2167 beatissimo
1843 2082 1970 2166 Patre
2002 2099 2179 2193 nostro,

744 2256 836 2315 non
866 2226 1006 2315 solum
1040 2255 1131 2314 non
1163 2226 1364 2346 rugiente
1391 2225 1650 2316 clamoribus
1687 2255 1776 2347 prae
1806 2225 2069 2315 intolerabili
2102 2225 2185 2315 illo

744 2376 912 2491 dolore,
937 2375 1247 2465 verumetiam
1279 2408 1303 2464 e
1330 2398 1483 2466 contra
1508 2406 1587 2496 per
1612 2377 1696 2465 hoc
1716 2397 1863 2465 totum
1886 2397 2074 2496 tempus,
2095 2376 2182 2465 do-

744 2558 824 2617 nec
847 2557 922 2616 cor
947 2530 1040 2647 ejus
1063 2548 1237 2616 erutum
1264 2548 1373 2640 erat,
1394 2525 1601 2614 continue
1624 2547 1779 2614 orante
1804 2546 1851 2613 et
1865 2554 1994 2645 supra
2017 2525 2184 2614 huma-

744 2708 851 2766 num
869 2676 1049 2765 modum
1065 2675 1390 2796 patientissime,
1406 2675 1746 2765 mansuetissime
1762 2698 1807 2762 et
1825 2673 2185 2795 tranquillissime

744 2858 788 2916 se
814 2826 1033 2915 habente:
1060 2825 1120 2914 ita
1141 2846 1190 2914 ut
1215 2825 1479 2914 mirarentur
1504 2856 1593 2913 non
1623 2826 1764 2914 solum
1786 2824 2002 2941 Praesides,
2020 2856 2184 2916 verum

744 2976 875 3065 etiam
902 2975 1044 3065 omnis
1070 2975 1190 3095 plebs
1217 3006 1314 3095 quae
1337 2973 1524 3064 videbat.
1558 2981 1605 3064 Et
1630 2974 1677 3063 in
1702 2975 1859 3064 ultimo
1889 2974 2041 3097 spiritu
2068 3006 2183 3065 con-

743 3126 917 3216 stitutus
956 3155 1004 3214 ac
1041 3155 1153 3244 pene
1186 3123 1457 3238 evisceratus,
1495 3123 1736 3213 dulcissima
1767 3155 1873 3214 voce
1913 3126 2131 3215 clamabat
2169 3158 2180 3215 ε

498 3309 613 3383 υιωηεεὓ
636 3324 716 3361 voces
746 3314 769 3361 a
791 3274 979 3365 Piissime
1016 3273 1204 3363 Domine
1233 3277 1356 3364 Jesul
1389 3272 1595 3363 miserere
1625 3273 1711 3363 mei
1741 3273 1787 3362 in
1817 3275 1897 3364 hac
1927 3275 2050 3364 hora.
2074 3311 2098 3359 a
2129 3280 2184 3366 Et

454 3384 523 3436 qm
540 3371 633 3424 Μ
744 3425 810 3545 (ut
830 3422 916 3512 fide
934 3421 1055 3542 digni
1077 3422 1156 3512 viri
1182 3421 1525 3542 affirmaverunt)
1546 3423 1706 3512 tortori
1728 3423 1852 3539 dixit,
1870 3423 1915 3512 in
1938 3423 2028 3545 ipsa
2051 3424 2182 3515 evul-

743 3573 865 3664 sione
905 3572 1044 3663 cordis
1084 3573 1188 3662 sui:
1226 3578 1404 3663 «Bone
1442 3575 1567 3662 lesu!
1604 3573 1709 3694 quid
1744 3571 1872 3664 facies
1908 3604 2008 3664 cum
2040 3574 2182 3665 corde

743 3736 864 3813 meo¹
882 3725 901 3812 l
918 3759 942 3807 a
968 3727 1016 3812 Et
1031 3723 1122 3812 haec
1145 3722 1305 3837 dicens,
1325 3721 1523 3843 spiritum
1547 3720 1778 3814 exhalavit.
1801 3729 2025 3814 Postremo
2042 3746 2185 3847 caput

742 3879 835 3999 ejus
857 3872 1086 3963 abscissum
1110 3894 1217 3988 erat,
1238 3903 1286 3962 ac
1302 3894 1551 3963 truncatum
1576 3904 1732 3996 corpus
1754 3872 1801 3963 in
1818 3895 2007 3994 quatuor
2027 3896 2182 3994 partes

743 4023 941 4115 divisum.

484 4212 572 4278 apoc.
588 4227 617 4275 ιι,
634 4227 673 4263 10.
805 4177 901 4262 Hoc
929 4170 1063 4260 modo
1094 4169 1175 4260 iste
1207 4191 1376 4259 sanctus
1403 4168 1514 4258 filius
1539 4191 1696 4285 vester,
1716 4170 1854 4262 fidelis
1879 4171 2083 4261 inventus
2110 4197 2181 4263 est

742 4353 880 4443 usque
918 4320 973 4410 ad
1007 4342 1213 4435 mortem,
1249 4319 1500 4409 Reverende
1534 4325 1675 4411 Pater.
1707 4320 1910 4442 Migravit
1941 4342 2093 4411 autem
2121 4352 2181 4412 ex

741 4474 826 4563 hoc
851 4472 1018 4561 mundo
1051 4471 1105 4560 ad
1139 4469 1394 4584 Dominum,
1420 4491 1577 4590 quarto
1605 4469 1674 4559 die
1705 4470 1822 4581 Maii,
1849 4501 1966 4560 anno
1992 4470 2181 4562 Domini

749 4638 875 4747 1535,
894 4620 1030 4711 aetatis
1053 4652 1139 4710 suae
1164 4619 1495 4741 quadragesimo
1525 4643 1696 4735 octavo,
1718 4620 1939 4710 Prioratus
1968 4649 2077 4711 vero
2111 4621 2182 4713 sui

484 4799 583 4850 rom.
600 4815 625 4863 ι,
644 4817 684 4853 ιι.
743 4768 947 4890 quinto²;
988 4791 1197 4889 tanquam
1223 4791 1369 4888 pastor
1392 4769 1533 4859 bonus
1558 4770 1633 4891 qui
1657 4769 1847 4859 animam
1876 4800 1997 4860 suam
2026 4771 2183 4892 posuit
