4776 6390
499 1627 585 1690 Apoc.
602 1640 642 1689 ιιι,
659 1625 698 1676 18.

502 2520 571 2570 *Die
581 2519 730 2580 dominico,

475 2584 502 2632 in
517 2582 668 2632 Laudibus.

503 2671 550 2721 Ps.
565 2685 645 2735 exvu,
662 2670 701 2722 16.

504 3865 569 3916 Lac.
588 3879 653 3927 xvu,
672 3879 712 3915 ιο.

1374 633 1579 715 ..56-

758 846 918 936 coelesti
941 878 1030 967 quo
1052 846 1107 936 ab
1133 850 1225 969 ejus
1250 875 1401 935 amore
1427 843 1693 960 desistamus,
1714 845 1825 966 quin
1843 844 1964 936 omni
1990 867 2191 966 tempore

757 1016 803 1085 et
840 1017 1068 1085 momento
1108 994 1332 1086 individuo
1369 1025 1418 1084 ac
1456 993 1660 1085 omnibus
1699 993 1861 1085 viribus
1901 1026 2004 1085 eum
2045 1023 2190 1084 amare

756 1147 983 1270 jubemur,
1010 1144 1068 1235 sic
1093 1176 1184 1234 non
1208 1144 1388 1235 velimus
1409 1174 1488 1265 per
1505 1175 1585 1232 nos
1608 1174 1633 1232 a
1657 1145 1784 1233 laude
1808 1150 1900 1268 ejus
1922 1174 2087 1235 cessare
2109 1175 2190 1234 un·

757 1326 903 1415 quam,
939 1295 1014 1385 sed
1052 1294 1195 1384 omnis
1234 1292 1406 1415 spiritus
1444 1317 1592 1382 noster
1629 1324 1801 1415 semper
1832 1295 1981 1385 laudet
2019 1299 2188 1409 Deum;

757 1443 932 1535 absistat
967 1468 1013 1533 et
1049 1443 1265 1557 vecordia,
1299 1467 1496 1564 petamus
1532 1465 1578 1532 et
1611 1474 1806 1533 emamus
1840 1475 1866 1533 a
1902 1450 1997 1534 Deo
2035 1473 2191 1534 aurum

757 1595 961 1716 ignitum,
991 1616 1041 1683 ut
1070 1593 1179 1683 sicut
1210 1592 1367 1713 Angeli
1397 1592 1443 1681 in
1472 1591 1586 1682 coelis
1615 1624 1841 1714 nunquam
1872 1625 1897 1683 a
1927 1595 2055 1683 laude
2081 1593 2190 1683 desi·

758 1765 894 1857 stunt,
922 1743 983 1833 ita
1007 1741 1133 1832 nobis
1158 1773 1383 1863 nunquam
1416 1742 1592 1832 taedium
1627 1742 1832 1864 subrepat
1858 1744 1904 1832 in
1935 1775 2014 1833 suo
2043 1766 2191 1833 sancto

759 1893 949 1982 servitio.
973 1929 996 1976 a
1022 1894 1164 1983 Semel
1190 1892 1322 1981 etiam
1354 1893 1409 1983 ab
1442 1891 1617 1982 ecclesia
1640 1892 1788 2007 exivit,
1813 1892 1860 1982 in
1887 1891 2190 1983 confusionem

759 2073 914 2133 eorum
931 2042 1055 2164 (sicut
1085 2041 1132 2131 in
1159 2042 1363 2163 proximo
1395 2041 1544 2131 retulit
1570 2040 1807 2163 Capitulo),
1829 2043 2005 2163 quando
2027 2043 2191 2133 audivit
2237 2125 2241 2136 .

759 2225 834 2283 eos
863 2193 950 2282 ima
979 2223 1086 2282 voce
1117 2215 1302 2281 cantare.
1334 2191 1376 2283 Si
1402 2193 1579 2313 quando
1600 2191 1813 2282 evenisset
1840 2224 1915 2282 eos
1946 2192 2189 2283 discordare

760 2343 846 2433 sive
869 2373 1016 2430 errare
1038 2341 1085 2430 in
1109 2363 1254 2457 cantu,
1275 2343 1359 2431 hoc
1379 2373 1494 2462 aegre
1512 2372 1683 2462 semper
1700 2342 1814 2431 tulit.

822 2492 1029 2599 Quodam
1057 2521 1161 2579 vero
1187 2490 1426 2611 tempore*,
1446 2521 1647 2613 unapars
1670 2491 1790 2581 chori
1808 2492 1968 2583 erravit
1990 2492 2037 2581 in
2062 2515 2190 2582 cantu

759 2640 869 2730 illius
892 2637 1087 2730 versiculi
1118 2673 1126 2727 :
1158 2645 1348 2728 Dextera
1382 2640 1558 2729 Domini
1593 2638 1695 2730 fecit
1727 2641 1950 2732 virtutem.
1988 2643 2119 2732 Unde
2145 2641 2189 2731 in

758 2820 916 2879 aurora
945 2787 1304 2879 convenientibus
1344 2789 1470 2878 nobis
1511 2791 1565 2879 ad
1604 2789 1873 2912 Capitulum,
1908 2790 2014 2881 dixit
2047 2810 2073 2882 :'
2093 2829 2117 2875 ι
2148 2797 2189 2882 Ο

763 2945 926 3030 Fratres
952 2936 1203 3051 charissimi,
1229 2935 1334 3056 quid
1358 2934 1536 3028 fecimus
1566 2939 1645 3028 hac
1677 2940 1841 3029 nocte?
1876 2939 2119 3030 Erravimus
2146 2940 2190 3029 in

758 3088 995 3210 psalmodia
1022 3088 1101 3177 Dei
1128 3086 1284 3201 nostri,
1315 3088 1548 3177 clamemus
1571 3090 1715 3210 culpas
1740 3112 1924 3205 nostras,
1949 3090 2074 3179 valde
2099 3120 2188 3178 ma·

760 3240 850 3328 lum
865 3261 928 3326 est
944 3237 1064 3358 quod
1081 3268 1176 3351 nos,
1189 3235 1264 3356 qui
1280 3236 1471 3327 officium
1489 3240 1760 3357 Angelorum
1778 3238 2074 3358 exsequimur,
2092 3238 2197 3328 talia.

759 3409 902 3476 errata
934 3386 980 3475 in
1012 3410 1247 3507 conspectu
1281 3385 1361 3475 Dei
1393 3409 1438 3474 et
1470 3389 1742 3506 Angelorum
1768 3386 2098 3476 committimus.
2131 3386 2191 3477 Illi

761 3566 985 3656 nunquam
1003 3558 1167 3650 errant,
1188 3558 1233 3625 et
1253 3566 1334 3625 nos
1350 3565 1429 3656 per
1447 3558 1614 3625 nostras
1635 3536 1921 3656 negligentias
1945 3558 1990 3626 et
2006 3535 2193 3626 incurias

760 3684 997 3775 erravimus
1016 3718 1026 3800 3
1056 3685 1177 3805 quod
1194 3683 1359 3806 optime
1384 3683 1524 3775 facere
1547 3687 1770 3801 debemus,
1790 3686 2068 3807 negligenter
2087 3684 2192 3775 feci·

761 3865 870 3924 mus.
897 3833 940 3924 Si
966 3834 1076 3924 servi
1100 3833 1274 3924 inutiles
1306 3865 1453 3924 sumus
1478 3866 1577 3924 cum
1605 3835 1754 3925 omnia
1779 3834 2022 3951 fecerimus,
2045 3837 2194 3956 quales

759 4015 906 4074 sumus
931 4015 988 4072 ex
1013 3984 1096 4073 hoc
1117 3981 1292 4073 defectu
1317 3984 1506 4073 nostro?
1531 3990 1632 4074 Non
1659 3983 1735 4074 fiat
1758 3986 1843 4075 hoc
1868 3986 2051 4107 amplius
2076 3985 2196 4076 inter

762 4163 856 4223 nos.
886 4131 929 4223 Si
956 4131 1112 4222 offerat
1136 4133 1232 4254 quis
1259 4133 1365 4254 Regi
1387 4155 1565 4222 terreno
1595 4135 1811 4251 claudum,
1832 4135 2087 4256 languidum
2105 4136 2196 4227 sive

761 4284 1049 4398 maculosum,
1085 4313 1235 4372 nonne
1274 4284 1488 4404 respuet?
1529 4315 1679 4372 nonne
1717 4283 1958 4405 displicebit
1994 4284 2054 4374 illi
2100 4285 2198 4375 talis

761 4432 966 4523 oblatio?
992 4433 1262 4554 Reprobatus
1286 4456 1380 4522 erat
1408 4433 1535 4545 Cain,
1557 4464 1648 4522 non
1675 4432 1777 4554 quia
1806 4463 1898 4522 non
1924 4433 2087 4523 obtulit
2112 4436 2199 4525 ho·

760 4580 887 4672 stiam
913 4588 1008 4672 Deo
1031 4581 1077 4671 in
1104 4584 1286 4672 odorem
1311 4582 1544 4696 suavitatis,
1567 4583 1641 4672 sed
1666 4583 1767 4703 quia
1784 4580 1945 4674 obtulit
1958 4583 2012 4672 de
2028 4584 2201 4707 pejori·

761 4732 857 4822 bus.
888 4732 1051 4821 Electus
1083 4753 1177 4820 erat
1208 4753 1356 4821 autem
1390 4729 1523 4820 frater
1554 4736 1661 4855 ejus,
1687 4733 1741 4821 de
1774 4731 1949 4854 optimis
1984 4732 2201 4828 offerens.
