<?xml version="1.0" encoding="UTF-8"?>
<!DOCTYPE html PUBLIC "-//W3C//DTD XHTML 1.0 Transitional//EN"
    "http://www.w3.org/TR/xhtml1/DTD/xhtml1-transitional.dtd">
<html xmlns="http://www.w3.org/1999/xhtml" xml:lang="en" lang="en">
 <head>
  <title>
</title>
<meta http-equiv="Content-Type" content="text/html;charset=utf-8" />
  <meta name='ocr-system' content='tesseract 3.04.00' />
  <meta name='ocr-capabilities' content='ocr_page ocr_carea ocr_par ocr_line ocrx_word'/>
</head>
<body>
  <div class='ocr_page' id='page_1' title='image "./historiaaliquot00chaugoog_0112.png"; bbox 0 0 1481 1781; ppageno 0'>
   <div class='ocr_carea' id='block_1_1' title="bbox 433 417 762 444">
    <p class='ocr_par' dir='ltr' id='par_1_1' title="bbox 433 417 762 444">
     <span class='ocr_line' id='line_1_1' title="bbox 433 417 762 444; baseline 0 0"><span class='ocrx_word' id='word_1_1' title='bbox 433 417 557 444; x_wconf 89' lang='lat' dir='ltr'>CAPUT</span> <span class='ocrx_word' id='word_1_2' title='bbox 585 417 762 444; x_wconf 88' lang='lat' dir='ltr'>SEPTIMUM</span> 
     </span>
    </p>
   </div>
   <div class='ocr_carea' id='block_1_2' title="bbox 240 517 953 597">
    <p class='ocr_par' dir='ltr' id='par_1_2' title="bbox 240 517 953 597">
     <span class='ocr_line' id='line_1_2' title="bbox 240 517 953 553; baseline 0.003 -10"><span class='ocrx_word' id='word_1_3' title='bbox 240 518 277 544; x_wconf 83' lang='lat' dir='ltr'><em>De</em></span> <span class='ocrx_word' id='word_1_4' title='bbox 290 517 371 544; x_wconf 83' lang='lat' dir='ltr'><em>eximia</em></span> <span class='ocrx_word' id='word_1_5' title='bbox 383 517 512 553; x_wconf 76' lang='lat' dir='ltr'><em>perfectione</em></span> <span class='ocrx_word' id='word_1_6' title='bbox 525 521 545 544; x_wconf 84' lang='lat' dir='ltr'><em>et</em></span> <span class='ocrx_word' id='word_1_7' title='bbox 559 517 697 553; x_wconf 79' lang='lat' dir='ltr'><em>simplicitate</em></span> <span class='ocrx_word' id='word_1_8' title='bbox 711 519 818 545; x_wconf 81' lang='lat' dir='ltr'><em>Fratrum</em></span> <span class='ocrx_word' id='word_1_9' title='bbox 828 518 953 549; x_wconf 79' lang='lat' dir='ltr'><em>Laicorum,</em></span> 
     </span>
     <span class='ocr_line' id='line_1_3' title="bbox 314 561 878 597; baseline 0.002 -9"><span class='ocrx_word' id='word_1_10' title='bbox 314 566 335 588; x_wconf 83' lang='lat' dir='ltr'><em>et</em></span> <span class='ocrx_word' id='word_1_11' title='bbox 348 561 374 588; x_wconf 90' lang='lat' dir='ltr'><em>de</em></span> <span class='ocrx_word' id='word_1_12' title='bbox 387 561 496 596; x_wconf 81' lang='lat' dir='ltr'><em>singulari</em></span> <span class='ocrx_word' id='word_1_13' title='bbox 510 562 624 589; x_wconf 79' lang='lat' dir='ltr'><em>sanctitate</em></span> <span class='ocrx_word' id='word_1_14' title='bbox 639 561 763 597; x_wconf 84' lang='lat' dir='ltr'><em>aliquorum</em></span> <span class='ocrx_word' id='word_1_15' title='bbox 776 563 878 589; x_wconf 83' lang='lat' dir='ltr'><em>Patrum.</em></span> 
     </span>
    </p>
   </div>
   <div class='ocr_carea' id='block_1_3' title="bbox 240 759 957 1338">
    <p class='ocr_par' dir='ltr' id='par_1_3' title="bbox 350 759 956 789">
     <span class='ocr_line' id='line_1_4' title="bbox 350 759 956 789; baseline 0.002 -8"><span class='ocrx_word' id='word_1_16' title='bbox 350 765 421 788; x_wconf 81' lang='lat' dir='ltr'><em>erant,</em></span> <span class='ocrx_word' id='word_1_17' title='bbox 434 764 500 789; x_wconf 82' lang='lat' dir='ltr'><em>atque</em></span> <span class='ocrx_word' id='word_1_18' title='bbox 513 759 671 789; x_wconf 82' lang='lat' dir='ltr'><em>religiosissime</em></span> <span class='ocrx_word' id='word_1_19' title='bbox 684 760 803 782; x_wconf 84' lang='lat' dir='ltr'><em>observata.</em></span> <span class='ocrx_word' id='word_1_20' title='bbox 820 761 885 782; x_wconf 86' lang='lat' dir='ltr'><em>Erant</em></span> <span class='ocrx_word' id='word_1_21' title='bbox 897 760 956 783; x_wconf 86' lang='lat' dir='ltr'><em>enim</em></span> 
     </span>
    </p>

    <p class='ocr_par' dir='ltr' id='par_1_4' title="bbox 350 796 956 826">
     <span class='ocr_line' id='line_1_5' title="bbox 350 796 956 826; baseline 0.002 -7"><span class='ocrx_word' id='word_1_22' title='bbox 350 796 396 820; x_wconf 83' lang='lat' dir='ltr'><em>veri</em></span> <span class='ocrx_word' id='word_1_23' title='bbox 414 797 527 825; x_wconf 79' lang='lat' dir='ltr'><em>Conversi,</em></span> <span class='ocrx_word' id='word_1_24' title='bbox 540 797 631 819; x_wconf 87' lang='lat' dir='ltr'><em>nomine</em></span> <span class='ocrx_word' id='word_1_25' title='bbox 648 802 670 819; x_wconf 88' lang='lat' dir='ltr'><em>et</em></span> <span class='ocrx_word' id='word_1_26' title='bbox 687 804 719 826; x_wconf 86' lang='lat' dir='ltr'><em>re,</em></span> <span class='ocrx_word' id='word_1_27' title='bbox 733 797 831 820; x_wconf 78' lang='lat' dir='ltr'><em>totaliter</em></span> <span class='ocrx_word' id='word_1_28' title='bbox 845 805 857 819; x_wconf 90' lang='lat' dir='ltr'><em>a</em></span> <span class='ocrx_word' id='word_1_29' title='bbox 873 798 956 820; x_wconf 87' lang='lat' dir='ltr'><em>mundo</em></span> 
     </span>
    </p>

    <p class='ocr_par' dir='ltr' id='par_1_5' title="bbox 240 834 957 1315">
     <span class='ocr_line' id='line_1_6' title="bbox 351 834 954 865; baseline 0.002 -9"><span class='ocrx_word' id='word_1_30' title='bbox 351 835 378 857; x_wconf 86' lang='lat' dir='ltr'><em>ad</em></span> <span class='ocrx_word' id='word_1_31' title='bbox 395 836 476 863; x_wconf 83' lang='lat' dir='ltr'><em>Deum;</em></span> <span class='ocrx_word' id='word_1_32' title='bbox 492 834 530 856; x_wconf 88' lang='lat' dir='ltr'><em>filii</em></span> <span class='ocrx_word' id='word_1_33' title='bbox 543 834 720 862; x_wconf 79' lang='lat' dir='ltr'><em>obedientissimi,</em></span> <span class='ocrx_word' id='word_1_34' title='bbox 738 834 814 857; x_wconf 82' lang='lat' dir='ltr'><em>fratres</em></span> <span class='ocrx_word' id='word_1_35' title='bbox 830 835 954 865; x_wconf 77' lang='lat' dir='ltr'><em>charissimi,</em></span> 
     </span>
     <span class='ocr_line' id='line_1_7' title="bbox 241 871 956 903; baseline -0.001 -7"><span class='ocrx_word' id='word_1_36' title='bbox 241 872 316 896; x_wconf 72' lang='lat' dir='ltr'><em>famuli</em></span> <span class='ocrx_word' id='word_1_37' title='bbox 333 871 499 903; x_wconf 82' lang='lat' dir='ltr'><em>diligentissimi,</em></span> <span class='ocrx_word' id='word_1_38' title='bbox 512 877 585 902; x_wconf 83' lang='lat' dir='ltr'><em>patres</em></span> <span class='ocrx_word' id='word_1_39' title='bbox 598 871 774 901; x_wconf 79' lang='lat' dir='ltr'><em>affectuosissimi,</em></span> <span class='ocrx_word' id='word_1_40' title='bbox 790 872 956 895; x_wconf 86' lang='lat' dir='ltr'><em>sollicitudinem</em></span> 
     </span>
     <span class='ocr_line' id='line_1_8' title="bbox 241 909 957 940; baseline 0 -7"><span class='ocrx_word' id='word_1_41' title='bbox 241 910 360 933; x_wconf 83' lang='lat' dir='ltr'><em>maximam</em></span> <span class='ocrx_word' id='word_1_42' title='bbox 367 915 468 940; x_wconf 84' lang='lat' dir='ltr'><em>gerentes</em></span> <span class='ocrx_word' id='word_1_43' title='bbox 475 917 516 939; x_wconf 87' lang='lat' dir='ltr'><em>pro</em></span> <span class='ocrx_word' id='word_1_44' title='bbox 525 909 643 938; x_wconf 76' lang='lat' dir='ltr'><em>Monachis,</em></span> <span class='ocrx_word' id='word_1_45' title='bbox 649 915 672 931; x_wconf 87' lang='lat' dir='ltr'><em>et</em></span> <span class='ocrx_word' id='word_1_46' title='bbox 680 909 852 932; x_wconf 83' lang='lat' dir='ltr'><em>consolationem</em></span> <span class='ocrx_word' id='word_1_47' title='bbox 859 918 905 932; x_wconf 86' lang='lat' dir='ltr'><em>non</em></span> <span class='ocrx_word' id='word_1_48' title='bbox 911 918 957 933; x_wconf 88' lang='lat' dir='ltr'><em>mo-</em></span> 
     </span>
     <span class='ocr_line' id='line_1_9' title="bbox 241 946 955 976; baseline -0.001 -5"><span class='ocrx_word' id='word_1_49' title='bbox 241 948 311 971; x_wconf 85' lang='lat' dir='ltr'><em>dicam</em></span> <span class='ocrx_word' id='word_1_50' title='bbox 323 948 353 970; x_wconf 85' lang='lat' dir='ltr'><em>eis</em></span> <span class='ocrx_word' id='word_1_51' title='bbox 364 947 482 970; x_wconf 82' lang='lat' dir='ltr'><em>inferentes</em></span> <span class='ocrx_word' id='word_1_52' title='bbox 494 947 518 969; x_wconf 91' lang='lat' dir='ltr'><em>in</em></span> <span class='ocrx_word' id='word_1_53' title='bbox 530 946 706 969; x_wconf 83' lang='lat' dir='ltr'><em>tribulationibus</em></span> <span class='ocrx_word' id='word_1_54' title='bbox 717 954 802 976; x_wconf 82' lang='lat' dir='ltr'><em>eorum,</em></span> <span class='ocrx_word' id='word_1_55' title='bbox 812 953 835 970; x_wconf 85' lang='lat' dir='ltr'><em>et</em></span> <span class='ocrx_word' id='word_1_56' title='bbox 844 947 906 970; x_wconf 82' lang='lat' dir='ltr'><em>amici</em></span> <span class='ocrx_word' id='word_1_57' title='bbox 916 948 955 970; x_wconf 89' lang='lat' dir='ltr'><em>Dei</em></span> 
     </span>
     <span class='ocr_line' id='line_1_10' title="bbox 242 984 954 1014; baseline -0.001 -6"><span class='ocrx_word' id='word_1_58' title='bbox 242 985 400 1008; x_wconf 79' lang='lat' dir='ltr'><em>familiarissimi</em></span> <span class='ocrx_word' id='word_1_59' title='bbox 414 993 418 1007; x_wconf 97' lang='lat'><strong>:</strong></span> <span class='ocrx_word' id='word_1_60' title='bbox 434 984 513 1014; x_wconf 86' lang='lat' dir='ltr'><em>quibus</em></span> <span class='ocrx_word' id='word_1_61' title='bbox 526 992 573 1014; x_wconf 82' lang='lat' dir='ltr'><em>quae</em></span> <span class='ocrx_word' id='word_1_62' title='bbox 587 984 668 1007; x_wconf 83' lang='lat' dir='ltr'><em>audivit</em></span> <span class='ocrx_word' id='word_1_63' title='bbox 680 992 693 1007; x_wconf 84' lang='lat' dir='ltr'><em>a</em></span> <span class='ocrx_word' id='word_1_64' title='bbox 707 986 770 1006; x_wconf 82' lang='lat' dir='ltr'><em>Patre</em></span> <span class='ocrx_word' id='word_1_65' title='bbox 782 992 821 1007; x_wconf 88' lang='lat' dir='ltr'><em>suo</em></span> <span class='ocrx_word' id='word_1_66' title='bbox 835 985 954 1014; x_wconf 79' lang='lat' dir='ltr'><em>adorando,</em></span> 
     </span>
     <span class='ocr_line' id='line_1_11' title="bbox 241 1021 956 1053; baseline 0 -8"><span class='ocrx_word' id='word_1_67' title='bbox 241 1030 297 1053; x_wconf 84' lang='lat' dir='ltr'><em>saepe</em></span> <span class='ocrx_word' id='word_1_68' title='bbox 312 1022 415 1046; x_wconf 81' lang='lat' dir='ltr'><em>revelavit</em></span> <span class='ocrx_word' id='word_1_69' title='bbox 429 1022 469 1044; x_wconf 88' lang='lat' dir='ltr'><em>Dei</em></span> <span class='ocrx_word' id='word_1_70' title='bbox 484 1021 554 1044; x_wconf 74' lang='lat' dir='ltr'><em>Filius.</em></span> <span class='ocrx_word' id='word_1_71' title='bbox 573 1023 631 1044; x_wconf 88' lang='lat' dir='ltr'><em>Cum</em></span> <span class='ocrx_word' id='word_1_72' title='bbox 646 1029 699 1044; x_wconf 88' lang='lat' dir='ltr'><em>vero</em></span> <span class='ocrx_word' id='word_1_73' title='bbox 716 1027 787 1044; x_wconf 77' lang='lat' dir='ltr'><em>essent</em></span> <span class='ocrx_word' id='word_1_74' title='bbox 803 1022 870 1045; x_wconf 81' lang='lat' dir='ltr'><em>sancti</em></span> <span class='ocrx_word' id='word_1_75' title='bbox 883 1022 956 1045; x_wconf 85' lang='lat' dir='ltr'><em>idiotae</em></span> 
     </span>
     <span class='ocr_line' id='line_1_12' title="bbox 240 1059 957 1089; baseline 0 -6"><span class='ocrx_word' id='word_1_76' title='bbox 240 1066 264 1083; x_wconf 86' lang='lat' dir='ltr'><em>et</em></span> <span class='ocrx_word' id='word_1_77' title='bbox 274 1060 321 1083; x_wconf 84' lang='lat' dir='ltr'><em>sine</em></span> <span class='ocrx_word' id='word_1_78' title='bbox 332 1059 417 1088; x_wconf 79' lang='lat' dir='ltr'><em>litteris,</em></span> <span class='ocrx_word' id='word_1_79' title='bbox 428 1059 484 1081; x_wconf 87' lang='lat' dir='ltr'><em>mira</em></span> <span class='ocrx_word' id='word_1_80' title='bbox 492 1064 567 1081; x_wconf 87' lang='lat' dir='ltr'><em>tamen</em></span> <span class='ocrx_word' id='word_1_81' title='bbox 579 1065 728 1089; x_wconf 84' lang='lat' dir='ltr'><em>conceperunt</em></span> <span class='ocrx_word' id='word_1_82' title='bbox 737 1060 764 1082; x_wconf 93' lang='lat' dir='ltr'><em>de</em></span> <span class='ocrx_word' id='word_1_83' title='bbox 775 1060 834 1082; x_wconf 80' lang='lat' dir='ltr'><em>lectis</em></span> <span class='ocrx_word' id='word_1_84' title='bbox 846 1065 869 1082; x_wconf 87' lang='lat' dir='ltr'><em>et</em></span> <span class='ocrx_word' id='word_1_85' title='bbox 879 1060 957 1083; x_wconf 81' lang='lat' dir='ltr'><em>auditis</em></span> 
     </span>
     <span class='ocr_line' id='line_1_13' title="bbox 241 1096 957 1128; baseline 0 -8"><span class='ocrx_word' id='word_1_86' title='bbox 241 1098 265 1120; x_wconf 86' lang='lat' dir='ltr'><em>in</em></span> <span class='ocrx_word' id='word_1_87' title='bbox 276 1097 365 1120; x_wconf 83' lang='lat' dir='ltr'><em>ecclesia</em></span> <span class='ocrx_word' id='word_1_88' title='bbox 375 1103 399 1119; x_wconf 87' lang='lat' dir='ltr'><em>et</em></span> <span class='ocrx_word' id='word_1_89' title='bbox 411 1096 541 1125; x_wconf 77' lang='lat' dir='ltr'><em>refectori03</em></span> <span class='ocrx_word' id='word_1_90' title='bbox 551 1102 573 1119; x_wconf 85' lang='lat' dir='ltr'><em>et</em></span> <span class='ocrx_word' id='word_1_91' title='bbox 587 1096 742 1119; x_wconf 77' lang='lat' dir='ltr'><em>sciscitantibus</em></span> <span class='ocrx_word' id='word_1_92' title='bbox 753 1097 831 1127; x_wconf 85' lang='lat' dir='ltr'><em>ignitas</em></span> <span class='ocrx_word' id='word_1_93' title='bbox 842 1097 957 1128; x_wconf 83' lang='lat' dir='ltr'><em>spiritualis</em></span> 
     </span>
     <span class='ocr_line' id='line_1_14' title="bbox 241 1134 956 1165; baseline 0 -7"><span class='ocrx_word' id='word_1_94' title='bbox 241 1135 391 1165; x_wconf 70' lang='lat' dir='ltr'><em>intelligentiae</em></span> <span class='ocrx_word' id='word_1_95' title='bbox 402 1134 502 1157; x_wconf 82' lang='lat' dir='ltr'><em>scintillas</em></span> <span class='ocrx_word' id='word_1_96' title='bbox 514 1140 675 1157; x_wconf 81' lang='lat' dir='ltr'><em>eructaverunt.</em></span> <span class='ocrx_word' id='word_1_97' title='bbox 687 1134 864 1164; x_wconf 81' lang='lat' dir='ltr'><em>Negotiationem</em></span> <span class='ocrx_word' id='word_1_98' title='bbox 872 1135 956 1165; x_wconf 86' lang='lat' dir='ltr'><em>sapien-</em></span> 
     </span>
     <span class='ocr_line' id='line_1_15' title="bbox 242 1171 956 1203; baseline 0 -8"><span class='ocrx_word' id='word_1_99' title='bbox 242 1173 278 1195; x_wconf 78' lang='lat' dir='ltr'><em>n&#39;ae</em></span> <span class='ocrx_word' id='word_1_100' title='bbox 291 1173 331 1195; x_wconf 91' lang='lat' dir='ltr'><em>Dei</em></span> <span class='ocrx_word' id='word_1_101' title='bbox 343 1171 546 1203; x_wconf 84' lang='lat' dir='ltr'><em>praelibationesque</em></span> <span class='ocrx_word' id='word_1_102' title='bbox 562 1171 659 1194; x_wconf 82' lang='lat' dir='ltr'><em>internas</em></span> <span class='ocrx_word' id='word_1_103' title='bbox 676 1171 853 1202; x_wconf 75' lang='lat' dir='ltr'><em>stequentabant‚</em></span> <span class='ocrx_word' id='word_1_104' title='bbox 868 1180 956 1195; x_wconf 84' lang='lat' dir='ltr'><em>exerce-</em></span> 
     </span>
     <span class='ocr_line' id='line_1_16' title="bbox 242 1209 957 1240; baseline -0.001 -7"><span class='ocrx_word' id='word_1_105' title='bbox 242 1211 303 1239; x_wconf 77' lang='lat' dir='ltr'><em>bam,</em></span> <span class='ocrx_word' id='word_1_106' title='bbox 313 1216 336 1233; x_wconf 89' lang='lat' dir='ltr'><em>et</em></span> <span class='ocrx_word' id='word_1_107' title='bbox 344 1217 393 1232; x_wconf 83' lang='lat' dir='ltr'><em>curn</em></span> <span class='ocrx_word' id='word_1_108' title='bbox 406 1209 546 1232; x_wconf 82' lang='lat' dir='ltr'><em>intellectuali</em></span> <span class='ocrx_word' id='word_1_109' title='bbox 555 1209 668 1232; x_wconf 86' lang='lat' dir='ltr'><em>dulcedine</em></span> <span class='ocrx_word' id='word_1_110' title='bbox 676 1209 802 1239; x_wconf 83' lang='lat' dir='ltr'><em>gustabant;</em></span> <span class='ocrx_word' id='word_1_111' title='bbox 816 1209 957 1240; x_wconf 83' lang='lat' dir='ltr'><em>fervebatque</em></span> 
     </span>
     <span class='ocr_line' id='line_1_17' title="bbox 242 1246 956 1278; baseline 0 -8"><span class='ocrx_word' id='word_1_112' title='bbox 242 1248 301 1271; x_wconf 87' lang='lat' dir='ltr'><em>inter</em></span> <span class='ocrx_word' id='word_1_113' title='bbox 315 1255 360 1276; x_wconf 82' lang='lat' dir='ltr'><em>eos,</em></span> <span class='ocrx_word' id='word_1_114' title='bbox 375 1247 430 1270; x_wconf 77' lang='lat' dir='ltr'><em>sicut</em></span> <span class='ocrx_word' id='word_1_115' title='bbox 444 1247 503 1269; x_wconf 85' lang='lat' dir='ltr'><em>inter</em></span> <span class='ocrx_word' id='word_1_116' title='bbox 521 1247 646 1275; x_wconf 74' lang='lat' dir='ltr'><em>Monachos,</em></span> <span class='ocrx_word' id='word_1_117' title='bbox 661 1246 756 1269; x_wconf 85' lang='lat' dir='ltr'><em>studium</em></span> <span class='ocrx_word' id='word_1_118' title='bbox 772 1246 847 1277; x_wconf 80' lang='lat' dir='ltr'><em>rigidae</em></span> <span class='ocrx_word' id='word_1_119' title='bbox 863 1255 956 1278; x_wconf 84' lang='lat' dir='ltr'><em>pauper-</em></span> 
     </span>
     <span class='ocr_line' id='line_1_18' title="bbox 242 1284 957 1315; baseline -0.001 -7"><span class='ocrx_word' id='word_1_120' title='bbox 242 1285 299 1314; x_wconf 77' lang='lat' dir='ltr'><em>tatis,</em></span> <span class='ocrx_word' id='word_1_121' title='bbox 311 1284 465 1315; x_wconf 78' lang='lat' dir='ltr'><em>superfluitatis</em></span> <span class='ocrx_word' id='word_1_122' title='bbox 479 1284 563 1313; x_wconf 80' lang='lat' dir='ltr'><em>odium,</em></span> <span class='ocrx_word' id='word_1_123' title='bbox 575 1284 706 1307; x_wconf 80' lang='lat' dir='ltr'><em>necessitatis</em></span> <span class='ocrx_word' id='word_1_124' title='bbox 721 1284 793 1307; x_wconf 85' lang='lat' dir='ltr'><em>tenuis</em></span> <span class='ocrx_word' id='word_1_125' title='bbox 809 1292 865 1313; x_wconf 77' lang='lat' dir='ltr'><em>usus,</em></span> <span class='ocrx_word' id='word_1_126' title='bbox 876 1285 957 1307; x_wconf 84' lang='lat' dir='ltr'><em>oblivio</em></span> 
     </span>
    </p>

    <p class='ocr_par' dir='ltr' id='par_1_6' title="bbox 924 1328 940 1338">
     <span class='ocr_line' id='line_1_19' title="bbox 924 1328 940 1338; baseline 0 0"><span class='ocrx_word' id='word_1_127' title='bbox 924 1328 940 1338; x_wconf 77' lang='lat'><em>10</em></span> 
     </span>
    </p>
   </div>
   <div class='ocr_carea' id='block_1_4' title="bbox 278 721 956 862">
    <p class='ocr_par' dir='ltr' id='par_1_7' title="bbox 278 721 956 862">
     <span class='ocr_line' id='line_1_20' title="bbox 278 721 956 862; baseline 0.001 -118"><span class='ocrx_word' id='word_1_128' title='bbox 278 724 315 862; x_wconf 88' lang='grc' dir='ltr'>Ι</span> <span class='ocrx_word' id='word_1_129' title='bbox 351 723 370 744; x_wconf 91' lang='lat' dir='ltr'>N</span> <span class='ocrx_word' id='word_1_130' title='bbox 388 728 456 752; x_wconf 84' lang='lat' dir='ltr'><em>grege</em></span> <span class='ocrx_word' id='word_1_131' title='bbox 476 721 587 744; x_wconf 84' lang='lat' dir='ltr'><em>Laicorum</em></span> <span class='ocrx_word' id='word_1_132' title='bbox 605 722 681 744; x_wconf 88' lang='lat' dir='ltr'><em>eadem</em></span> <span class='ocrx_word' id='word_1_133' title='bbox 700 729 740 752; x_wconf 89' lang='lat' dir='ltr'><em>per</em></span> <span class='ocrx_word' id='word_1_134' title='bbox 758 722 832 744; x_wconf 85' lang='lat' dir='ltr'><em>omnia</em></span> <span class='ocrx_word' id='word_1_135' title='bbox 854 722 956 745; x_wconf 73' lang='lat' dir='ltr'><em>mandata</em></span> 
     </span>
    </p>
   </div>
   <div class='ocr_carea' id='block_1_5' title="bbox 970 742 1084 755">
    <p class='ocr_par' dir='ltr' id='par_1_8' title="bbox 970 742 1084 755">
     <span class='ocr_line' id='line_1_21' title="bbox 970 742 1084 755; baseline 0 0"><span class='ocrx_word' id='word_1_136' title='bbox 970 743 1027 755; x_wconf 76' lang='lat' dir='ltr'><em>nomine</em></span> <span class='ocrx_word' id='word_1_137' title='bbox 1030 742 1084 755; x_wconf 66' lang='lat' dir='ltr'><em>Convet-</em></span> 
     </span>
    </p>
   </div>
   <div class='ocr_carea' id='block_1_6' title="bbox 993 727 1094 740">
    <p class='ocr_par' dir='ltr' id='par_1_9' title="bbox 993 727 1094 740">
     <span class='ocr_line' id='line_1_22' title="bbox 993 727 1094 740; baseline -0.01 0"><span class='ocrx_word' id='word_1_138' title='bbox 993 727 1047 740; x_wconf 67' lang='lat' dir='ltr'><em>Frnret</em></span> <span class='ocrx_word' id='word_1_139' title='bbox 1060 730 1074 739; x_wconf 77' lang='lat' dir='ltr'><em>re</em></span> <span class='ocrx_word' id='word_1_140' title='bbox 1087 730 1094 739; x_wconf 79' lang='grc' dir='ltr'>ε</span> 
     </span>
    </p>
   </div>
  </div>
 </body>
</html>
