4776 6390
1009 673 1221 777 ..93-

399 887 486 978 cito
523 908 840 1008 pervertentur.
881 891 929 976 Et
960 885 1131 976 difficile
1167 908 1233 976 est
1270 907 1450 1007 tangere
1491 886 1647 1008 picem,
1684 886 1729 977 id
1765 910 1829 978 est

399 1036 632 1150 mundum,
652 1036 813 1157 absque
829 1033 1164 1156 inquinamento
1189 1035 1327 1126 carnis
1351 1058 1397 1126 et
1418 1036 1604 1158 spiritus,
1618 1068 1667 1126 ac
1688 1059 1827 1129 trans-

398 1186 462 1277 ire
488 1216 567 1308 per
587 1186 751 1307 ignem,
790 1185 984 1281 illaesum.
1011 1186 1092 1278 Alii
1117 1186 1248 1276 etiam
1279 1207 1381 1276 sunt
1405 1216 1460 1274 ex
1491 1186 1632 1300 nobis,
1661 1217 1687 1275 a
1716 1217 1826 1306 quo·

397 1368 498 1427 rum
522 1334 711 1426 fortassis
736 1334 937 1426 cordibus
965 1336 1133 1426 luxuria
1155 1335 1328 1459 penitus
1350 1334 1528 1425 abscissa
1549 1367 1642 1425 non
1663 1358 1752 1452 est;
1773 1336 1827 1425 de

400 1516 590 1608 quorum
622 1485 817 1606 periculo
848 1515 940 1576 non
974 1485 1154 1575 minime
1188 1484 1437 1600 metuimus,
1463 1516 1562 1575 cum
1586 1485 1826 1607 reincoepe-

398 1631 489 1722 rint
526 1664 605 1755 per
636 1633 1010 1725 conversationem
1049 1633 1279 1725 mundanis
1308 1664 1454 1725 rursus
1491 1634 1667 1726 involvi.
1706 1635 1828 1743 Quid

399 1781 538 1873 dicam
561 1814 685 1904 ergo,
715 1789 894 1900 Fratres,
923 1785 991 1876 vel
1016 1784 1120 1905 quid
1145 1783 1312 1900 faciam,
1343 1785 1448 1873 dum
1471 1783 1532 1873 nil
1555 1784 1660 1875 boni
1684 1782 1826 1905 perfe-

398 1961 493 2021 ram
509 1932 563 2021 de
580 1932 646 2022 his
670 1963 780 2053 quos
795 1931 915 2022 dedit
932 1933 1039 2021 mihi
1061 1938 1190 2049 Deus,
1205 1955 1306 2023 ante
1322 1933 1531 2057 judicium
1547 1957 1761 2023 aeternum
1775 1935 1825 2023 Ρ»

463 2086 512 2170 Et
533 2078 662 2171 fletus
694 2112 878 2202 magnus
908 2081 1123 2171 intereos
1149 2104 1257 2171 erat.
1285 2087 1407 2171 Tunc
1437 2082 1644 2172 dixerunt
1675 2113 1828 2172 omnes

399 2231 616 2321 constanti
641 2229 790 2320 animo
814 2253 860 2321 et
882 2261 970 2321 una
994 2262 1131 2321 voce:
1161 2269 1183 2315 c
1212 2231 1452 2322 Moriamur
1476 2262 1628 2320 omnes
1653 2231 1699 2320 in
1724 2231 1826 2321 sim·
1885 2253 1908 2305 1-
1920 2254 2013 2307 Maca·
2027 2269 2056 2317 ιι,
2074 2254 2117 2320 ³7·

398 2380 588 2501 plicitate
613 2404 776 2496 nostra,
810 2403 855 2470 et
878 2402 1008 2471 testes
1034 2404 1166 2472 erunt
1189 2412 1317 2502 super
1340 2412 1420 2471 nos
1444 2382 1601 2471 coelum
1634 2403 1680 2471 et
1711 2403 1828 2471 terra

400 2530 519 2652 quod
544 2529 704 2654 injuste
726 2531 885 2652 perditi
909 2562 1056 2622 sumus
1078 2531 1132 2620 de
1156 2553 1288 2621 terra.
1325 2567 1348 2614 »

463 2680 698 2800 Respondit
728 2703 905 2770 moestus
933 2687 1061 2771 Pater
1091 2714 1100 2770 :
1140 2679 1363 2770 «Utinam
1392 2679 1454 2769 ita
1478 2680 1570 2795 fiat,
1596 2680 1715 2800 quod
1739 2711 1828 2771 una
1854 2704 2120 2819 „,¹{,·,³⁰p¹,¹;¹,‘,.⁸„¹²⁰g;

398 2859 517 2920 mors
547 2831 701 2920 reddat
724 2829 859 2945 vivos,
884 2861 994 2951 quos
1015 2861 1103 2920 una
1125 2831 1213 2920 vita
1235 2829 1379 2920 tenuit
1403 2852 1620 2945 mortuos;
1646 2831 1721 2920 sed
1746 2861 1827 2920 nec
1853 2840 2116 2943 {33⁸2g‘33„¹3¹⁰‘·

397 3001 570 3069 tantum
594 2979 762 3069 bonum
786 2979 927 3095 nobis,
956 3000 1217 3100 tantumque
1244 2980 1406 3069 malum
1430 2979 1609 3100 sibiipsis
1631 2980 1827 3071 illaturos

397 3159 472 3218 eos
494 3128 639 3217 credo.
669 3133 729 3217 Ex
750 3127 886 3218 nobili
912 3128 1109 3250 prosapia
1136 3129 1262 3220 multi
1287 3151 1480 3220 vestrum
1505 3129 1619 3244 estis,
1644 3130 1719 3219 sed
1742 3131 1827 3220 hoc

397 3276 542 3398 potius
578 3279 644 3398 (ut
675 3276 793 3396 reor)
827 3275 987 3367 facient
1019 3311 1028 3367 :
1063 3309 1139 3367 vos
1172 3278 1363 3369 seniores
1395 3301 1441 3369 et
1464 3311 1534 3368 me
1566 3277 1612 3368 in
1637 3301 1826 3368 mortem

399 3428 589 3543 tradent,
608 3429 774 3548 hosque
796 3433 975 3552 juvenes
990 3428 1212 3517 dimittent
1227 3431 1399 3518 avolare
1416 3429 1574 3519 liberos
1595 3429 1642 3517 iu
1665 3450 1825 3518 terram

399 3608 491 3666 non
513 3608 649 3667 suam.
678 3577 841 3668 Idcirco
866 3577 900 3667 si
925 3579 1200 3668 solummodo
1225 3608 1307 3699 pro
1333 3610 1433 3667 meo
1451 3610 1663 3669 consensu
1688 3609 1826 3698 nego-

398 3725 509 3816 tium
532 3723 680 3842 fuerit,
695 3757 914 3848 exponam
930 3758 1001 3815 me
1017 3726 1319 3818 misericordiae
1331 3728 1427 3844 Dei,
1442 3750 1487 3817 et
1501 3758 1579 3817 ero
1595 3729 1828 3818 anathema
1886 3752 1961 3805 Rom
1975 3767 2011 3818 ιι,
2027 3752 2051 3804 ³·

397 3906 479 3997 pro
501 3875 567 3965 his
589 3873 794 3967 fratribus
819 3875 924 3965 meis
942 3876 1146 3992 minimis,
1167 3907 1215 3967 ac
1231 3876 1500 3966 consentiam
1517 3876 1648 3998 regiae
1670 3877 1826 3966 volun-

396 4025 492 4141 tati,
517 4024 558 4113 si
578 4024 814 4144 licitefieri
832 4026 976 4149 possit,
1003 4048 1052 4117 ut
1081 4055 1338 4148 praeservem
1362 4023 1465 4114 istos
1488 4055 1514 4113 a
1538 4046 1606 4114 tot
1630 4047 1674 4114 et
1696 4024 1827 4115 tantis

393 4173 596 4297 periculis
619 4173 789 4265 futuris.
826 4174 869 4265 si
894 4175 1022 4265 aliter
1047 4174 1318 4264 decreverint
1345 4173 1440 4262 fieri
1466 4195 1518 4263 ut
1539 4206 1692 4265 omnes
1720 4206 1825 4265 con-

393 4320 630 4439 sentiant*,
659 4345 704 4413 et
729 4323 762 4413 si
784 4353 901 4414 mors
926 4323 1054 4415 unius
1077 4324 1149 4446 (ne
1172 4346 1267 4414 tota
1291 4354 1397 4445 gens
1420 4322 1586 4444 pereat)
1608 4355 1700 4413 non
1722 4355 1824 4445 pro·
1853 4342 2037 4458 sirlsslssl
2057 4345 2117 4395 sine

392 4472 525 4589 derit,
551 4472 629 4562 fiat
650 4474 851 4564 voluntas
875 4473 972 4590 Dei,
997 4496 1043 4564 et
1073 4473 1241 4563 utinam
1271 4473 1348 4562 fiat
1384 4502 1462 4594 par
1493 4472 1746 4563 sacrificium
1772 4473 1826 4563 de

393 4621 665 4717 omnibus.»

458 4778 504 4864 Ο
535 4772 760 4893 quomodo
783 4771 1029 4862 coarctabat
1051 4772 1249 4893 spiritum
1286 4773 1415 4896 hujus
1438 4769 1690 4863 sanctissimi
1716 4771 1824 4887 Viri,
