1481 1781
639 265 745 285 -27-

331 311 388 334 rius*
399 316 473 333 autem
488 311 549 341 Regis
560 311 649 333 audiens
661 311 727 334 verba
736 311 788 339 haec,
801 310 855 333 dixit
866 319 869 333 :
881 320 892 331 ι
906 312 938 333 Τιι
949 318 1003 341 ergo
1016 310 1047 333 vis

331 348 401 371 facere
414 350 494 379 Regem
508 349 674 379 presbyterum!
689 358 700 369 ι
713 349 819 371 mandans
830 356 859 370 ne
871 348 962 378 amplius
970 349 1046 378 loque-

330 392 399 408 retur.
411 387 488 409 Postea
500 394 539 416 per
547 386 661 408 duodecim
674 386 731 409 viros
742 385 885 416 pronuntiata
896 391 929 408 est
939 385 1047 408 sententia

331 423 416 452 mortis,
435 429 458 446 et
478 423 612 446 exsecutioni
632 423 743 452 mandata,
762 428 841 453 quarta
857 423 892 445 die
910 423 969 451 Maii,
987 430 1046 445 anno

331 462 421 490 XXXV,
436 461 459 483 in
474 461 533 483 hunc
546 461 643 483 modum.

364 498 460 521 Primum
477 504 572 529 quatuor
585 498 692 528 Religiosi,
709 506 805 528 quorum
822 505 878 520 unus
897 503 943 520 erat
964 499 1047 520 Ductor

331 536 462 567 praedictus,¹
471 542 493 558 et
502 544 558 558 unus
566 536 623 558 solus
629 536 743 566 presbyter
751 535 868 558 saecularisb
874 535 986 566 (quoniam
992 536 1047 558 alter

331 574 415 604 junior‘
423 573 506 603 accepit
514 573 623 603 gratiam),
635 573 698 595 tracti
706 578 756 595 sunt
767 581 796 595 ex
807 580 887 603 magna
892 573 955 595 Turri
962 573 1046 595 Londo-

331 611 400 634 niensi
413 619 452 641 per
465 611 574 633 civitatem
586 618 654 641 usque
668 611 694 633 ad
707 611 780 633 locum
797 610 891 641 justitiae,
906 610 1021 633 distantem
1034 618 1047 632 a

331 649 417 671 civitate
433 656 473 679 per
488 656 558 671 unum
577 648 667 670 milliare
680 647 812 676 francicum3
827 648 901 678 ibique
914 648 960 670 sine
975 648 1047 678 aliqua

331 685 454 708 reverentia
468 685 550 708 ordinis
564 691 602 707 aut
617 685 703 707 habitus
719 685 856 707 sacerdotalis
872 686 906 707 vel
921 685 1044 715 Religionis,

331 723 377 745 sine
390 723 544 753 degradatione
557 728 580 745 et
595 723 618 745 in
630 722 722 753 propriis
735 723 880 751 vestimentis,
894 723 983 753 appensi
996 728 1047 745 sunt

332 760 429 791 patibulo
441 768 480 790 per
491 768 587 790 grossam
600 760 716 790 quamdam
731 760 836 782 chordam
848 768 876 782 ne
885 760 1046 790 strangularen-

331 804 374 820 tur.
390 798 486 828 Indeque
502 798 573 820 statim
587 797 678 827 depositi
692 803 742 820 sunt
754 798 825 820 adhuc
837 797 887 820 vivi.
903 798 996 826 Deinde,
1009 798 1046 820 ab·

331 835 396 858 scissis
409 835 504 865 primurn
517 835 616 857 verendis
629 840 652 857 et
664 835 687 857 in
698 835 772 865 ignem
784 835 898 866 conjectis,
910 835 1005 857 extraxit
1017 835 1047 857 eis

331 872 447 903 spiculator
457 872 522 895 corda
534 880 619 901 eorum,
630 880 679 903 quae
691 872 800 895 transfixit
809 878 832 895 et
840 872 891 903 igne
901 880 989 903 quoque
1000 880 1047 895 cre-

332 910 406 933 mavit.
420 910 480 939 Inde,
493 910 586 932 abscissis
599 910 711 940 capitibus,
722 917 815 940 corpora
822 916 873 933 sunt
881 910 1045 940 quadripartita,

332 955 380 978 quae
393 954 468 978 postea
480 947 549 977 posita
562 953 613 969 sunt
628 955 692 978 super
705 953 778 977 portas
791 953 815 969 et
830 948 876 969 loca
889 947 975 977 publica
985 948 1047 970 dictae

331 985 429 1008 civitatis.
441 986 465 1007 Et
476 985 526 1007 licet
533 985 561 1007 ad
571 990 678 1007 terrorem
691 985 838 1015 sequentium,
849 985 957 1015 posterior
962 993 1047 1015 semper

332 1022 411 1045 viderit
417 1022 585 1045 trucidationem
590 1022 759 1052 praecedentium
765 1022 892 1053 priusquam
900 1028 995 1045 mortem
1002 1023 1046 1053 ipse

331 1060 449 1091 exciperet,
458 1065 527 1082 testor
539 1066 613 1082 tamen
625 1060 696 1082 multo
708 1066 810 1090 tempore
821 1068 866 1082 non
878 1060 934 1082 visos
943 1060 980 1090 qui
986 1066 1047 1083 tanta

331 1104 357 1121 ut
373 1098 396 1121 hi
415 1096 543 1126 constantia,
558 1103 720 1127 perseverantes
735 1105 805 1127 usque
820 1097 843 1119 in
860 1097 935 1126 finem,
952 1104 1046 1120 mortem

332 1135 472 1165 excepissent.
486 1136 542 1157 Nam
558 1135 670 1165 quomodo
685 1135 708 1157 in
722 1135 797 1157 animo
810 1142 856 1157 non
870 1140 921 1157 sunt
934 1143 946 1157 a
961 1135 995 1157 via
1008 1143 1045 1158 ve-

332 1172 400 1196 ritatis
411 1172 497 1201 mutati,
511 1172 541 1194 ita
553 1180 593 1195 nec
605 1172 628 1194 in
642 1172 703 1194 vultu
717 1172 793 1202 pallor,
807 1180 847 1194 nec
859 1172 883 1194 in
894 1172 966 1195 verbis
979 1173 1045 1203 trepi-

333 1210 399 1239 datio,
411 1217 452 1232 nec
464 1209 488 1232 iu
501 1209 574 1240 aliquo
586 1215 648 1239 gestu
660 1209 756 1240 corporis
769 1209 838 1232 timor
849 1210 949 1240 apparuit
961 1210 1043 1233 mortis.

332 1247 413 1278 Spiritu
425 1255 520 1277 namque
529 1246 629 1269 Veritatis
640 1247 745 1275 roborati,
757 1254 798 1277 pro
807 1255 850 1277 qua
862 1248 889 1270 ad
900 1247 977 1270 mortis
985 1248 1046 1271 ibant

329 1292 434 1315 agonem,
449 1285 528 1307 alacres
543 1285 634 1315 perinde
649 1292 673 1307 ac
689 1284 741 1307 olim
753 1284 796 1307 tuti
812 1290 834 1307 et
851 1285 896 1307 sani
912 1284 999 1308 fuerant
1011 1293 1046 1308 re-

1062 317 1141 345 ’ὶιῐιῖἡαηιε
1145 317 1185 330 Em
1188 324 1192 327 ·

1074 503 1131 516 -flmn
1142 503 1191 516 Ricar-

1060 519 1085 531 a„
1092 519 1167 535 nep-0111,
1173 518 1191 531 de

1060 538 1086 551 qun
1091 534 1190 551 :apamensi

1060 550 1112 566 scr-⁴71„
1120 550 1173 566 agitur,

1077 572 1139 585 *naam
1151 572 1192 585 ,ιω-

1062 591 1085 600 m
1090 587 1132 603 nale,
1140 587 1157 600 de
1160 587 1194 600 me-

1061 602 1107 615 mh.

1077 627 1081 632 -
1088 624 1192 641 noemi-‘mm

1062 640 1079 652 aa
1089 640 1181 656 rudington.
