4740 6414
963 1311 1207 1416 CAPUT
1256 1314 1654 1419 SECUNDUM

688 1724 692 1731 “
723 1693 857 1797 Utin
885 1695 1198 1799 Sacristarium
1227 1700 1399 1800 Domus
1426 1693 1739 1800 Londoniensis
1754 1693 1897 1835 fuerit

1226 1869 1390 1976 electus.

302 2606 331 2656 n
352 2559 451 2657 gg
471 2548 565 2659 gagg
875 2539 1029 2624 ERUM
1064 2565 1154 2624 non
1195 2558 1338 2657 potest
1374 2535 1468 2625 fieri
1506 2559 1555 2627 ut
1594 2537 1740 2627 civitas
1781 2536 1827 2627 in
1867 2561 2026 2628 monte

312 2670 455 2742 ”m
482 2672 509 2720 ¹¹¹
527 2672 563 2720 ⁵¹·
874 2685 1012 2805 posita
1034 2685 1336 2802 abscondatur,
1361 2688 1428 2777 vel
1455 2687 1631 2810 alicujus
1648 2687 1803 2777 domus
1819 2684 2027 2777 fenestrae

873 2837 982 2925 adeo
1012 2834 1156 2925 stricte
1189 2837 1445 2926 claudantur
1475 2836 1581 2957 quin
1610 2839 1686 2926 lux
1717 2835 1878 2927 inclusa
1913 2868 2025 2959 pro-

873 2984 1149 3107 spicientibus
1191 2985 1345 3075 alicubi
1387 3008 1590 3106 patescat,
1633 2991 1756 3109 juxta
1798 3017 1974 3076 versum
2010 3021 2021 3075 ε

595 3146 787 3257 Quoque
820 3136 956 3256 magis
992 3134 1171 3254 tegitur,
1209 3157 1348 3225 tectus
1385 3134 1521 3256 magis
1557 3158 1708 3225 aestuat
1741 3135 1868 3256 ignis,
1911 3137 2024 3227 sicut

593 3312 638 3378 et
675 3287 867 3378 caminus
906 3284 1074 3409 injectis
1112 3283 1253 3373 exsilit
1291 3284 1427 3404 aquis,
1467 3306 1512 3373 et
1548 3282 1723 3374 flamma
1756 3284 1803 3375 in
1834 3285 2024 3377 sublime

593 3437 763 3527 extollit
788 3467 945 3526 comas.
968 3433 1140 3542 Quibus
1157 3433 1360 3523 omnibus
1377 3434 1493 3523 haud
1508 3434 1649 3555 impar
1664 3458 1727 3524 est
1749 3434 1898 3525 innata
1914 3466 2022 3558 pro·

593 3586 750 3707 prietas
779 3610 825 3675 et
850 3583 1042 3674 conditio
1065 3582 1214 3702 gratiae
1240 3607 1285 3671 et
1310 3583 1510 3672 virtutis:
1543 3606 1710 3703 quanto
1740 3583 1859 3673 enim
1883 3584 2023 3706 magis

593 3737 756 3826 celatur
783 3757 828 3824 et
858 3732 1117 3855 deprimitur
1156 3763 1211 3821 ne
1236 3735 1504 3853 propaletur,
1541 3756 1667 3823 tanto
1710 3732 1845 3854 magis
1881 3764 1931 3824 ac
1956 3733 2017 3824 ci·

592 3884 677 3975 tius
698 3886 856 3999 evolat,
874 3882 1027 3976 ebullit
1051 3914 1099 3973 ac
1117 3883 1288 3996 crescit;
1319 3906 1573 4003 quantoque
1598 3882 1802 3973 libentius
1814 3882 2020 3974 dilatatur

592 4058 638 4124 et
661 4033 923 4155 expanditur
948 4057 996 4122 ut
1023 4032 1236 4147 videatur,
1255 4054 1380 4121 tanto
1401 4032 1580 4122 celerius
1604 4032 1899 4146 obcineratur,
1917 4063 2017 4123 eva·

593 4183 727 4275 nescit
748 4215 796 4273 ac
819 4181 978 4273 deficit.
1006 4182 1157 4272 Gloria
1189 4182 1385 4303 sequitur
1408 4180 1650 4302 fugientem
1676 4213 1741 4297 se;
1775 4182 1896 4303 quod
1921 4182 2016 4306 qui·

591 4337 691 4426 dem
714 4331 983 4454 permaxime
1009 4331 1254 4421 verificatur
1275 4331 1320 4420 in
1344 4334 1428 4421 hoc
1448 4354 1594 4421 sancto
1613 4336 1753 4421 Patre.
1776 4331 1912 4453 Elegit
1928 4363 2016 4422 esse

371 4532 421 4567 n
441 4532 497 4578 ιω,
514 4534 551 4568 ι..
591 4482 782 4604 abjectus
807 4482 852 4571 in
878 4483 1012 4571 domo
1038 4480 1237 4601 gloriosae
1262 4480 1450 4601 Virginis
1482 4479 1628 4570 Matris
1656 4480 1753 4597 Dei,
1782 4503 1827 4570 et
1853 4481 1910 4570 ab
1935 4482 2013 4571 ho-

592 4630 779 4721 minibus
801 4631 1017 4721 virtuosus
1042 4661 1091 4720 ac
1115 4653 1284 4720 sanctus
1308 4631 1572 4745 habebatur;
1599 4632 1835 4751 appetebat
1851 4630 2009 4751 sperni,

591 4804 637 4871 et
652 4782 796 4870 honor
813 4814 913 4871 eum
937 4782 1279 4902 persequebatur
1301 4803 1347 4870 et
1367 4779 1673 4901 apprehendit,
1699 4779 1732 4869 si
1764 4780 1911 4870 honor
1934 4778 2009 4870 dici
