4776 6390
1360 658 1602 742 -136-

769 866 809 943 in
829 867 1075 966 simplicitate
1095 892 1180 961 sua,
1202 868 1303 942 mori
1325 868 1545 944 maluerunt
1564 893 1683 966 quam
1713 868 1881 945 mentiri.
1914 869 1978 945 Sic
1997 870 2065 968 qui
2095 871 2196 946 mili·

767 1007 849 1068 tant
867 991 907 1067 in
927 991 1113 1067 domibus
1134 990 1307 1086 terrenis,
1321 991 1441 1066 sancti
1462 993 1506 1066 P.
1526 993 1576 1066 N.
1599 991 1795 1067 Brunonis
1813 992 1899 1087 filii,
1912 995 2198 1093 cujuscumque

769 1116 845 1192 sint
873 1114 1109 1191 conditionis
1136 1130 1173 1189 et
1199 1114 1357 1213 gradus,
1387 1138 1524 1191 omnes
1553 1116 1695 1190 habent
1722 1140 1893 1215 quorum
1922 1116 2198 1195 intercessione

767 1238 1002 1337 adjuventur
1020 1254 1221 1337 patronos,
1238 1262 1375 1313 omnes
1394 1239 1537 1313 habent
1556 1238 1700 1337 quibus
1719 1256 1982 1337 provocentur
2000 1244 2195 1342 exempla.

771 1366 904 1461 ltaque
934 1362 1117 1461 singulari
1147 1362 1295 1438 accensi
1324 1362 1470 1438 fiducia
1499 1379 1535 1437 et
1563 1363 1722 1461 spiritus
1750 1364 1915 1460 fervore,
1944 1366 2084 1441 festum
2114 1369 2194 1441 BB.

771 1487 948 1580 Joannis,
968 1486 1189 1584 Augustini,
1211 1487 1371 1561 Roberti
1391 1503 1428 1561 et
1447 1485 1646 1562 sociorum
1666 1486 1875 1584 quotannis
1894 1489 2195 1582 celebrabimus,

770 1610 893 1708 quod,
912 1613 1018 1709 juxta
1039 1634 1169 1685 recens
1182 1612 1221 1685 S.
1236 1609 1399 1685 Rituum
1418 1609 1736 1708 Congregationis
1755 1612 1976 1704 Decretum,
1989 1611 2196 1708 die4Maii

770 1732 854 1808 fieri
874 1736 1075 1828 volumus,
1098 1735 1170 1809 sub
1191 1734 1266 1809 ritu
1287 1733 1465 1808 solemni.

1366 2474 1602 2549 ORATIO

737 2685 739 2689 ’
815 2705 865 2778 In
882 2705 1118 2778 solemnitate
1135 2706 1220 2778 ΒΒ.
1232 2706 1461 2800 Martyrum
1483 2705 1799 2780 Cartusr‘anorum
1820 2704 1978 2779 dicenda
1993 2708 2027 2800 (e
2039 2705 2198 2782 Brevia·

770 2827 828 2902 rio
851 2827 1110 2903 Cartusiensis
1130 2826 1292 2902 Ordinis
1312 2827 1544 2925 desumpta).
1615 2916 1616 2921 Ἰ

1404 3053 1557 3105 OREMUS

776 3205 889 3426 O
906 3241 1123 3293 unrrornns
1146 3232 1285 3291 aeterne
1314 3218 1434 3310 Deus,
1462 3216 1595 3315 quiin
1623 3217 1745 3293 beatis
1773 3216 1896 3291 servis
1923 3217 2002 3293 tuis
2029 3219 2199 3311 Joanne,

907 3340 1141 3438 Augustino,
1163 3342 1336 3416 Roberto
1356 3364 1572 3439 eorumque
1592 3340 1723 3435 sociis,
1750 3341 1803 3416 ob
1828 3340 2015 3417 invictam
2038 3341 2134 3440 fidei
2154 3366 2202 3418 ac

736 3544 740 3553 ,
774 3465 948 3564 supremi
980 3464 1235 3540 Pontificatus
1262 3463 1408 3563 jurium
1438 3463 1736 3558 confessionem,
1762 3463 1870 3563 apud
1892 3464 2041 3564 Angliae
2066 3482 2200 3564 gentes

770 3588 964 3686 primitias
992 3590 1214 3686 Martyrum
1249 3587 1573 3663 Cartusianorum
1612 3587 1779 3686 gloriose
1811 3587 2060 3681 consecrasti,
2100 3613 2199 3664 con-

770 3710 878 3805 cede,
904 3734 1145 3809 quaesumus,
1174 3727 1217 3786 ut
1243 3709 1422 3808 ipsorum
1451 3710 1599 3785 meritis
1626 3727 1663 3786 et
1691 3709 1978 3804 intercessione,
2004 3710 2045 3786 in
2070 3715 2199 3810 Apos-

769 3834 897 3910 tolicae
915 3833 1074 3910 unitatis
1093 3835 1205 3909 Petra
1226 3832 1381 3909 solidati
1401 3849 1437 3909 et
1455 3836 1505 3908 ab
1525 3833 1792 3932 ingruentibus
1816 3833 1930 3909 malis
1949 3850 1986 3910 et
2010 3833 2201 3933 periculis

769 3958 953 4059 expediti,
975 3983 1108 4035 secura
1126 3956 1197 4034 tibi
1218 3973 1345 4032 mente
1364 3957 1624 4033 famulemur:
1648 3959 1722 4034 Per
1739 3957 1970 4033 Dominum.
