1481 1781
544 259 651 280 —35—

240 312 269 335 ris
283 319 322 343 per
336 312 396 335 hunc
410 311 531 334 terribilem
548 317 655 340 montem,
670 312 741 334 locum
754 311 851 334 horroris
862 317 885 334 et
892 317 957 334 vastae

241 349 362 372 solitudinis
372 358 376 372 :
390 357 419 372 ne
430 349 496 372 etiam
506 349 593 380 penitus
601 349 704 372 inchoare
716 349 802 372 viderer
808 349 956 372 narrationem
987 356 1026 369 neue.
1034 360 1101 372 muno.

241 387 279 410 ubi
292 387 322 409 illi
334 395 398 409 suum
411 386 495 409 felicem
508 392 715 409 consummaverunt
726 394 820 415 cursum,
834 392 857 409 et
867 394 956 417 praeser-

242 424 282 447 tim
298 432 326 447 ex
342 432 370 447 eo
386 425 446 455 quod
462 426 526 447 Sacra
543 424 653 454 Scriptura
671 424 782 447 eruditum
797 424 866 446 filium
880 424 957 446 doceat

241 462 333 492 gloriam
345 469 391 484 esse
402 462 476 492 patris,
485 462 604 492 praesertim
615 462 632 484 si
641 462 696 484 filius
708 461 762 484 nihil
774 461 838 484 faciat
848 461 887 484 nisi
897 461 958 492 quod
986 468 1027 481 Pm-
1034 472 1062 484 xm.
1072 472 1083 481 1-

242 499 320 522 viderit
332 505 417 530 patrem
426 499 485 530 prius
500 499 623 528 facientem,
637 507 729 529 quaeque
741 499 786 529 ipse
799 499 826 522 ab
839 507 866 521 eo
882 499 957 522 omnia
986 506 1078 523 leena-ms

242 537 348 560 didicerit.
364 538 429 559 Pater
440 537 500 559 enim
512 542 588 559 notam
603 536 667 559 faciet
680 536 729 559 filiis
741 536 845 559 virtutem
862 542 884 558 et
899 536 956 560 veri-

242 580 310 597 tatem
321 582 389 597 suam.
406 574 487 597 Idcirco
500 579 548 597 tum
560 575 588 596 de
600 580 670 604 patre,
680 579 728 596 tum
743 574 771 596 de
786 573 842 603 filiis,
854 579 877 596 et
890 574 957 596 modo

242 612 327 635 vivendi
339 612 362 634 in
377 612 415 634 illo
426 613 545 635 Conventu
556 611 686 634 luculentius
701 611 783 641 aliquid
793 612 919 640 recensebo,
932 617 957 634 ut

241 649 264 672 in
274 655 337 680 patre
347 649 411 672 simul
422 655 445 672 et
453 649 501 672 filiis
509 649 610 671 laudetur
621 655 644 671 et
655 649 789 679 glorificetur
803 650 868 672 Deus.

274 688 298 709 Et
309 694 355 709 non
367 687 477 709 existimet
489 686 573 717 aliquis,
583 691 608 709 ut
624 687 669 709 laus
682 692 720 709 aut
733 685 795 709 favor
810 686 918 709 humanus
930 694 957 709 ex

242 724 320 746 affectu
333 724 403 747 cordis
419 724 463 746 mei
478 724 501 746 in
517 729 582 754 caput
599 731 673 746 meum
688 724 821 746 redundaret
832 724 891 754 (quia
905 731 956 754 pro-

242 760 308 784 fessus
319 762 431 784 exstabam
444 761 467 784 in
477 761 515 784 illo
527 761 662 791 eumcum),
673 767 711 784 aut
719 767 744 784 ut
753 761 869 784 videantur
876 762 904 784 ab
915 762 956 784 ho-

242 798 337 821 minibus
349 806 416 829 opera
430 799 490 821 bona
503 798 557 821 inibi
574 804 642 828 gesta,
657 806 693 821 me
707 798 747 821 ista
760 799 899 821 relaturum:
913 800 957 829 Ego
970 807 991 836 m}

242 836 301 858 enim
314 837 437 858 nullatenus
456 844 503 858 sum
520 836 564 858 ulla
580 836 643 858 laude
659 841 697 858 aut
713 836 783 866 gloria
792 839 805 864 ¹,
820 836 874 866 quin
884 836 957 866 potius
971 838 989 866 2¹

242 873 303 896 omni
314 873 423 904 vituperio
434 881 458 896 ac
470 873 591 903 ignominia
602 873 687 904 dignus.
702 874 767 896 Judas
779 874 872 896 traditor
886 881 957 896 annu—

242 916 337 933 merams
351 916 399 933 erat
409 910 468 933 inter
478 911 595 933 duodecim
607 911 733 941 Apostolos;
748 911 857 940 audiebat,
869 911 957 934 videbat
986 921 1034 935 mi«,
1044 924 1063 937 ¹⁷·

242 955 267 970 ac
279 947 373 970 faciebat
384 956 432 978 quae
444 953 467 970 et
478 948 552 977 ceteri,
568 956 645 971 verum
658 948 787 978 reprobatus
800 948 848 971 suit.
862 950 913 971 Non
925 954 957 971 est

241 985 367 1007 aestimanda
384 985 494 1008 inchoatio
510 985 574 1014 boni,
587 986 624 1008 sed
636 986 741 1016 perficere
753 986 837 1008 bonum
849 986 956 1008 honorifi-

242 1030 292 1045 cum
303 1028 345 1051 est;
358 1028 384 1045 ut
395 1030 445 1045 cum
455 1023 639 1046 consummaverit
651 1023 727 1052 homo,
738 1028 791 1045 tunc
802 1023 891 1053 incipiat
902 1023 956 1046 acci-

242 1067 294 1090 pere
306 1067 411 1082 coronam
423 1060 538 1083 salutiferae
552 1060 601 1083 vitae
614 1068 680 1091 quam
694 1060 819 1091 repromisit
833 1062 891 1083 Deus
906 1068 956 1091 per·
986 1068 1050 1083 amm.
1058 1072 1077 1081 ...

242 1097 389 1120 sev-arantibus
408 1097 432 1120 in
448 1097 508 1120 bono
523 1106 592 1128 usque
612 1098 635 1120 in
656 1098 731 1120 finem.
749 1099 815 1120 Satan
828 1098 886 1121 inter
902 1098 957 1121 filios

242 1134 282 1157 Dei
293 1134 362 1164 affuit,
374 1134 503 1165 neutiquam
519 1135 648 1164 laudandus;
661 1143 703 1165 ego
713 1143 766 1158 vero
779 1136 849 1166 prodii
863 1143 891 1158 ex
902 1135 955 1165 istis,
985 1141 1016 1157 Μ.
1024 1145 1033 1157 ι.
1044 1141 1057 1154 ⁵-

241 1171 305 1195 resin
312 1177 389 1203 aperto
394 1178 435 1201 est,
440 1173 478 1195 sed
484 1180 530 1195 non
536 1180 596 1195 eram
602 1181 630 1195 ex
636 1173 684 1196 illis.
692 1175 748 1196 Nam
756 1172 772 1195 si
780 1172 867 1195 fuissem
872 1181 900 1196 ex
907 1173 955 1202 illis,

240 1209 405 1240 permansissem
419 1210 496 1240 utique
512 1217 562 1233 cum
574 1210 615 1232 illis
627 1210 735 1233 bibiturus
750 1210 838 1233 calicem
852 1219 917 1241 quem
934 1217 956 1234 et

240 1247 271 1269 illi
287 1247 399 1270 biberunt.
414 1248 459 1277 Ego
471 1248 521 1270 Saul
532 1247 591 1270 inter
604 1248 730 1278 Prophetas,
741 1255 784 1278 ego
795 1248 851 1271 filius
864 1249 955 1279 Ephrem

240 1284 357 1307 intendens
374 1290 397 1307 et
412 1284 502 1307 mittens
518 1292 601 1314 arcum,
613 1293 729 1308 conversus
746 1285 769 1308 in
785 1286 819 1308 die
835 1286 896 1315 belli;
913 1286 956 1309 abii
