4776 6390
1165 654 1379 737 ..60-

557 884 765 983 tegrasset
787 863 1116 953 tabernaculum
1135 866 1252 983 quod
1270 864 1499 982 ceciderat,
1520 897 1568 956 ac
1585 865 1818 957 invenisset
1843 870 2000 959 locum

559 1017 654 1102 Deo
676 1011 823 1102 Jacob.
848 1017 940 1133 lpse
957 1012 1254 1105 devotissimus
1272 1021 1399 1104 Pater
1414 1038 1508 1106 erat
1524 1017 1642 1137 quasi
1668 1015 1844 1109 flamma
1861 1049 2001 1108 urens

557 1184 633 1251 aut
657 1159 821 1250 ferrum
846 1162 1032 1253 candens
1055 1162 1102 1253 in
1127 1164 1207 1254 Dei
1232 1197 1398 1281 amore,
1419 1190 1464 1257 et
1482 1169 1639 1257 eodem
1664 1168 1799 1257 modo
1818 1168 2001 1259 volebat

558 1342 710 1401 omnes
731 1316 853 1435 juxta
879 1342 923 1401 se
948 1313 1111 1433 positos
1131 1316 1416 1405 vehementer
1441 1348 1531 1407 esse
1556 1348 1769 1408 accensos.
1984 1336 1986 1341 ’

330 1502 441 1576 Quanta
468 1502 529 1566 ejus
623 1463 716 1552 Fuit
729 1461 918 1581 denique
946 1494 1113 1583 magnae
1135 1464 1392 1585 prudentiae,
1415 1488 1465 1555 ut
1497 1470 1590 1589 ejus
1619 1488 1740 1586 gesta
1769 1466 1816 1556 in
1845 1471 1996 1556 Domo

267 1566 423 1629 ‘’mm‘'
557 1612 733 1733 propria
768 1643 816 1701 ac
846 1611 978 1700 etiam
1006 1611 1053 1701 in
1081 1612 1262 1702 aliarum
1288 1614 1614 1706 Visitationibus
1643 1618 1784 1737 palam
1815 1647 1993 1707 annun-

557 1762 742 1876 tiarunt,
784 1785 872 1851 tam
911 1762 1116 1852 discretus
1154 1760 1237 1852 fuit
1270 1762 1316 1852 in
1355 1765 1496 1854 verbis
1530 1787 1710 1885 tamque
1740 1788 1912 1856 sanctus
1945 1766 1992 1855 in

557 1912 776 2033 operibus,
812 1911 933 2032 quod
961 1912 1008 2000 in
1044 1911 1165 2002 omni
1195 1914 1291 2001 loco
1325 1935 1523 2034 acceptus
1558 1937 1652 2006 erat
1687 1946 1735 2004 ac
1768 1915 1802 2005 si
1843 1913 1994 2005 fuisset

556 2063 750 2182 Angelus
784 2062 880 2176 Dei,
916 2061 1267 2183 mirarenturque
1304 2093 1456 2152 omnes
1488 2064 1541 2153 de
1574 2064 1807 2185 prudentia
1840 2087 1887 2153 et
1921 2094 1991 2155 re·

557 2211 720 2333 sponsis
743 2215 849 2334 ejus.
878 2215 974 2333 Ipso
992 2242 1170 2331 quoque
1195 2213 1421 2331 loquente,
1441 2243 1594 2302 omnes
1617 2213 1683 2303 ori
1707 2244 1787 2304 suo
1805 2213 1990 2334 digitum

557 2362 837 2483 apponebant
874 2392 922 2451 ac
954 2361 1190 2451 dicebant:
1229 2367 1341 2450 Vere
1378 2392 1524 2453 servus
1558 2362 1638 2452 Dei
1672 2362 1990 2484 omnipotentis

558 2535 622 2602 est
653 2511 747 2601 iste.
792 2510 957 2600 Inimici
996 2542 1172 2631 quoque
1205 2511 1343 2601 nostri
1374 2534 1475 2610 sunt
1505 2511 1668 2635 judices
1698 2547 1707 2601 :
1743 2511 1835 2633 ipse
1869 2513 1989 2602 enim

559 2662 751 2753 Vicarius
769 2662 907 2782 Regis,
923 2693 1055 2782 quem
1070 2661 1295 2752 constituit
1313 2666 1403 2750 Rex
1418 2692 1547 2782 super
1557 2658 1763 2751 familiam
1782 2685 1826 2751 et
1844 2686 1991 2753 totum

558 2843 745 2933 regnum
771 2842 897 2901 suum
918 2834 968 2900 ut
991 2832 1103 2900 esset
1125 2812 1336 2901 secundus
1368 2842 1393 2899 a
1426 2817 1557 2931 Rege,
1578 2811 1780 2901 dominus
1797 2813 1991 2903 Thomas

558 2962 811 3077 Cromwell,
842 2964 951 3051 alter
975 2968 1118 3051 Aman
1140 2961 1301 3050 horum
1326 2960 1525 3051 omnium
1549 2961 1764 3052 malorum
1791 2961 1988 3082 signifer,

556 3114 727 3239 publice
758 3112 804 3202 in
836 3112 1041 3233 Capitulo
1064 3134 1215 3200 nostro
1233 3109 1383 3199 multis
1406 3140 1552 3199 coram
1582 3109 1866 3225 adstantibus,
1890 3134 1992 3234 post

557 3296 710 3356 necem
735 3261 865 3384 ipsius
895 3258 1029 3350 Patris
1062 3260 1214 3374 nostri,
1245 3259 1355 3350 dixit
1378 3291 1480 3348 eum
1505 3258 1647 3349 virum
1674 3257 1802 3351 fuisse
1824 3265 1990 3383 justum

296 3439 488 3504 mamm.
557 3438 602 3506 et
634 3435 844 3505 sanctum.
882 3409 924 3499 Si
956 3409 1028 3499 ille
1061 3408 1315 3523 reticuisset,
1342 3408 1504 3530 lapides
1536 3410 1789 3499 clamassent
1815 3441 1865 3501 ac
1896 3416 1990 3535 ejus

558 3564 828 3655 sanctitatem
847 3558 1188 3650 denuntiassent.

620 3712 839 3803 Omnibus
863 3709 958 3832 pius
984 3731 1093 3823 erat,
1120 3707 1278 3830 sibiipsi
1305 3738 1410 3798 vero
1433 3708 1556 3797 valde
1578 3707 1739 3828 rigidus
1765 3732 1810 3797 et
1838 3709 1982 3800 durus

266 3877 530 4004 „‘,2,‘¹,‘,‘,¹¹¹,25‘³,{’,52⁶{;
560 3863 658 3954 Dies
674 3859 1035 3953 abstinentiarum
1057 3871 1084 3972 ¹,
1108 3881 1344 3978 antequam
1370 3856 1608 3977 assignatus
1631 3880 1741 3947 esset
1757 3857 1803 3949 in
1823 3863 1985 3949 Procu-

266 4004 446 4117 ll'lllf“”¹¹⁸⁸
475 3998 529 4049 ⁰*
557 4036 748 4104 ratorem
779 4016 959 4124 Domus,
989 4007 1369 4128 servavitsemper
1392 4007 1438 4096 in
1464 4038 1576 4128 pane
1599 4029 1644 4096 et
1674 4038 1800 4128 aqua.
1834 4014 1987 4099 Postea

557 4195 676 4278 vero,
695 4161 827 4251 etiam
844 4160 890 4250 in
906 4159 1005 4281 ipsis
1022 4157 1329 4248 Visitationum
1351 4186 1527 4248 suarum
1544 4156 1921 4277 progressionibus
1943 4180 1988 4246 et

556 4342 835 4435 quocumque
858 4331 1126 4431 perrexerat,
1147 4328 1329 4428 propter
1351 4304 1628 4426 quotidianos
1651 4336 1749 4395 suos
1774 4306 1986 4397 discursus

556 4487 600 4555 et
638 4462 925 4583 fatigationes,
962 4457 1109 4549 omnia
1141 4455 1305 4581 jejunia
1339 4455 1518 4546 Ordinis
1552 4456 1764 4570 servabat,
1799 4456 1911 4547 sicut
1942 4479 1986 4546 et

556 4613 688 4705 ceteri
713 4618 984 4725 Conventus,
1011 4639 1111 4698 curn
1135 4639 1226 4696 uno
1248 4605 1361 4727 pisce
1387 4627 1633 4695 contentus.
1669 4605 1830 4696 Diebus
1853 4605 1997 4697 absti-.

557 4762 806 4853 nentiarum
823 4757 1142 4872 communibus,
1163 4755 1286 4847 sicuti
1312 4754 1445 4845 moris
1468 4778 1562 4845 erat
1579 4755 1691 4846 illius
1719 4756 1977 4872 Provinciae3
