4740 6414
1135 611 1380 694 -132-

543 820 635 896 laris
661 821 840 896 Thomas
871 822 998 914 More,
1024 820 1172 919 Angliae
1201 820 1481 914 Cancellarius,
1508 844 1626 919 quem
1655 819 1760 896 idem
1793 819 1973 896 Pontifex

544 943 850 1019 meritisextollit
865 942 1064 1037 laudibus,
1076 960 1210 1042 utpote
1223 946 1395 1020 doctrina
1411 945 1624 1019 litterarum
1635 967 1837 1019 sacrarum
1850 945 1972 1018 excel·

542 1068 690 1153 lentem
708 1078 744 1141 et
760 1068 955 1143 veritatem
972 1068 1148 1142 adserere
1165 1091 1315 1143 ausum.
1340 1066 1491 1143 Idcirco
1511 1065 1800 1165 praeclarissimi
1827 1066 1975 1165 quique

543 1213 673 1265 rerum
701 1189 1052 1265 ecclesiasticorum
1089 1190 1296 1288 scriptores
1332 1190 1510 1266 unanimi
1542 1206 1697 1265 censent
1724 1190 1874 1265 calculo
1904 1214 1974 1265 eos

542 1336 680 1387 omnes
706 1335 779 1411 pro
808 1312 965 1406 tuenda,
996 1313 1246 1407 restituenda,
1278 1329 1315 1387 et
1344 1313 1613 1389 conservanda
1639 1312 1842 1389 Catholica
1874 1311 1973 1388 Fide

543 1437 770 1534 sanguinem
783 1438 942 1513 fudisse.
958 1437 1191 1532 Quinetiam
1205 1438 1515 1535 GregoriusXIII
1527 1439 1642 1536 plura
1654 1437 1839 1513 ineorum
1849 1439 1972 1513 hono·

543 1585 624 1636 rem
640 1560 816 1656 indulsit,
829 1586 915 1660 quae
925 1562 975 1638 ad
991 1562 1195 1661 publicum
1210 1562 1592 1661 ecclesiasticumque
1603 1563 1751 1637 cultum
1762 1562 1971 1660 pertinent:

542 1703 657 1785 atque
686 1686 783 1763 illud
811 1687 1071 1786 praecipuum,
1092 1703 1135 1763 ut
1162 1703 1390 1785 potestatem
1419 1686 1549 1762 fecerit
1578 1687 1722 1761 horum
1754 1685 1906 1784 lipsana
1932 1686 1973 1761 in

542 1811 817 1887 consecrandis
836 1811 1024 1887 altaribus
1038 1810 1267 1904 adhibendi,
1289 1810 1449 1909 quando
1464 1810 1531 1885 illa
1545 1826 1720 1884 veterum
1738 1812 1973 1885 Sanctorum

543 1935 765 2033 Martyrum
786 1958 865 2008 non
881 1950 1140 2032 suppeterent.
1155 1936 1343 2009 Praeterea
1362 1950 1572 2032 postquam
1594 1933 1633 2008 in
1652 1934 1822 2031 Templo
1839 1935 1878 2008 S.
1895 1935 1972 2008 Ste-

542 2057 662 2156 phani
682 2058 732 2133 ad
754 2058 926 2133 Coelium
948 2074 1120 2132 montem
1142 2057 1289 2133 Christi
1311 2060 1533 2156 Martyrum
1547 2057 1755 2133 Passiones
1768 2081 1837 2156 per
1855 2056 1972 2132 Nico·

543 2184 650 2258 laum
676 2182 946 2258 Circinianum
967 2182 1048 2257 udo
1068 2182 1228 2257 tectorio
1257 2181 1362 2280 pingi
1397 2182 1570 2276 fecisset3
1591 2182 1769 2281 permisit
1787 2182 1904 2258 etiam
1931 2197 1975 2256 ut

542 2306 582 2382 in
601 2308 770 2404 Templo
792 2306 1055 2382 Sanctissimae
1073 2305 1276 2382 Trinitatis
1296 2308 1513 2405 AngIorum
1543 2307 1590 2382 de
1616 2309 1735 2401 Urbe,
1756 2308 1805 2382 ab
1832 2305 1972 2382 eodem

542 2447 713 2526 auctore,
734 2431 948 2530 eademque
975 2431 1123 2507 ratione
1150 2431 1371 2529 Anglicanae
1393 2430 1575 2507 Ecclesiae
1604 2434 1798 2532 Martyres
1822 2432 1972 2531 antiqui

543 2555 843 2654 recentiorisque
857 2554 930 2631 aevi
942 2555 1085 2653 pariter
1103 2555 1390 2650 exhiberentur,
1404 2580 1504 2654 quos
1524 2555 1622 2630 inter
1640 2556 1695 2630 iIIi
1710 2557 1827 2632 etiam
1843 2556 1910 2656 qui
1921 2558 1972 2633 ab

541 2705 646 2757 anno
671 2682 760 2756 1535
782 2679 834 2754 ad
860 2681 949 2754 1583
967 2680 1040 2753 sub
1062 2679 1234 2754 Henrico
1256 2703 1340 2778 rege
1363 2696 1399 2754 et
1415 2679 1640 2756 Elisabetha
1668 2705 1742 2779 pro
1769 2681 1972 2758 Catholica

543 2805 638 2880 Fide
653 2828 698 2880 ac
718 2802 887 2878 Romani
904 2802 1104 2876 Pontificis
1124 2802 1300 2878 Primatu
1317 2819 1482 2877 mortem
1501 2803 1689 2879 obierant.
1709 2805 1808 2898 Quae
1825 2822 1973 2904 marty-

544 2928 693 3004 riorum
725 2925 1081 3025 repraesentationes
1115 2949 1162 3000 eo
1194 2926 1234 3000 in
1265 2927 1435 3024 Templo
1464 2926 1639 3025 depictae,
1669 2927 1894 3005 videntibus
1926 2954 1972 3006 ac

542 3051 801 3150 probantibus
822 3049 1013 3125 Romanis
1033 3049 1291 3124 Pontificibus
1305 3049 1481 3146 Gregorii
1502 3050 1810 3145 successoribuS,
1824 3052 1875 3128 ad
1891 3052 1973 3129 duo

543 3176 683 3251 saecula
711 3189 1009 3272 permanserunt
1028 3172 1151 3247 donec
1175 3172 1414 3250 nefariorum
1434 3173 1643 3249 hominum
1669 3173 1812 3272 injuria
1832 3176 1906 3251 sub
1924 3175 1973 3250 fi-

542 3323 632 3375 nem
651 3297 772 3395 elapsi
802 3296 932 3373 saecuIi
953 3296 1162 3394 perierunt.
1185 3298 1364 3371 Mansere
1384 3312 1514 3371 tamen
1532 3296 1690 3372 illamm
1710 3315 1862 3397 ectypa,
1886 3323 1973 3397 quae

542 3445 646 3499 anno
673 3424 767 3516 1584
780 3422 918 3496 Romae
933 3444 1024 3495 cum
1046 3418 1250 3517 privilegio
1276 3419 1451 3516 ejusdem
1472 3418 1648 3517 Gregorii
1672 3423 1764 3494 XIII
1785 3445 1860 3496 aere
1879 3446 1974 3498 cusa

543 3547 707 3638 fuerant,
720 3546 795 3619 hoc
805 3544 987 3642 apposito
1002 3543 1115 3618 titulo
1129 3568 1137 3616 :
1151 3545 1380 3618 Sanctorum
1390 3545 1633 3640 Martyrum,
1646 3545 1791 3644 quipro
1803 3545 1969 3632 Chn'sto,

544 3669 825 3766 Catholicaeque
844 3669 958 3743 Fidei
973 3669 1130 3743 veritate
1149 3668 1359 3742 adserenda
1378 3668 1532 3766 antiquo
1557 3669 1827 3768 recentiorique
1837 3693 1972 3768 perse-

541 3794 733 3870 cutionum
752 3804 919 3892 tempore
937 3803 1096 3869 mortem
1116 3793 1156 3867 in
1173 3793 1322 3894 Anglia
1340 3792 1546 3878 subierunt,
1566 3793 1783 3868 Passiones,
1812 3794 1872 3868 Ex
1891 3816 1973 3891 quo

544 3932 815 4011 monumenm,
837 3917 919 3991 sive
948 3918 1000 3991 ob
1030 3917 1247 4014 subjectum
1276 3916 1494 4014 eloquium,
1517 3913 1599 3989 sive
1627 3917 1679 3990 ob
1703 3916 1780 3992 aIia
1807 3916 1973 3994 indubia

543 4039 688 4116 indicia
706 4041 838 4138 pIures
848 4039 1043 4140 ejusmodi
1064 4042 1258 4138 Martyres
1274 4063 1347 4115 suo
1362 4038 1522 4115 nomine
1537 4039 1726 4137 comperti
1742 4056 1844 4133 sunt,
1862 4065 1974 4117 nem-

543 4190 591 4265 pe
619 4164 898 4264 quinquaginta
918 4180 1098 4263 quatuor.
1132 4165 1230 4239 Sunt
1256 4180 1409 4238 autem:

592 4289 702 4365 Passi
726 4290 800 4364 sub
817 4287 989 4364 Henrico
1004 4290 1128 4385 Rege:
1149 4289 1320 4363 Ioannes
1340 4287 1493 4380 Fisher,
1516 4286 1740 4385 Episcopus
1759 4287 1972 4383 Roffensis,

544 4414 584 4488 S.
620 4414 668 4488 R.
711 4413 756 4486 E.
795 4410 1017 4487 CardinaIis
1035 4455 1084 4466 —
1102 4412 1281 4487 Thomas
1310 4412 1437 4503 More,
1462 4410 1611 4508 Aninae
1639 4410 1907 4487 Cancellarius
1925 4455 1974 4468 -

543 4535 752 4634 Margarita
781 4536 889 4630 PoIe,
910 4534 1122 4610 Comitissa
1149 4534 1460 4630 Salisburiensis,
1483 4533 1705 4610 CardinaIis
1734 4534 1820 4610 Poli
1850 4551 1973 4611 mater

540 4704 589 4715 -
608 4658 801 4735 Ricardus
826 4659 1042 4758 Reynolds,
1068 4658 1231 4734 Ordinis
1252 4660 1301 4733 S.·
1325 4658 1550 4757 Brigittae-
1565 4660 1736 4734 Joannes
1757 4657 1886 4752 Haile,
1908 4681 1970 4733 sa·

541 4782 678 4858 cerdos
692 4827 742 4838 -
761 4782 990 4858 Octodecim
1012 4781 1248 4877 Cartusiani,
1270 4782 1480 4859 nimirum:
1501 4784 1672 4859 Ioannes
1689 4783 1905 4882 Houghton
1920 4825 1969 4838 --
