4740 6414
473 925 659 1030 preces
695 889 852 994 simul
888 926 948 993 ac
982 890 1433 1012 benedictionem,
1465 891 1690 1030 genibus
1727 891 1897 1017 flexis,

474 1055 779 1195 efflagitare.

546 1221 701 1346 Quid
723 1222 974 1325 tandem?
1003 1222 1197 1327 Nonne
1217 1224 1491 1328 dexteram
1513 1222 1710 1327 Excelsi
1730 1225 1896 1328 laten·

475 1415 557 1491 ter
590 1390 801 1529 operari
839 1390 1202 1493 arbitremur?
1233 1393 1283 1492 Α
1322 1390 1553 1493 Domino
1591 1390 1899 1494 factumest

476 1555 644 1678 istud,
684 1583 989 1658 sanctornm
1037 1558 1415 1660 intercessione
1460 1557 1756 1697 Martyrum
1802 1554 1897 1693 qui

475 1748 670 1826 stantes
699 1749 818 1825 ante
846 1725 1099 1826 thronum
1128 1725 1226 1827 Dei
1255 1751 1307 1826 et
1335 1726 1388 1826 in
1420 1749 1708 1862 conspectu
1733 1720 1893 1859 Agni,

475 1917 529 1994 et
554 1890 743 2030 palmae
771 1891 826 1992 in
856 1891 1097 1993 manibus
1126 1927 1329 2012 eorum,
1356 1891 1584 1994 clamant
1616 1925 1749 1995 voce
1787 1924 1896 1990 ma-

475 2092 580 2196 gna
608 2056 845 2159 dicentes
868 2098 879 2158 ε
911 2056 1085 2179 Parce,
1108 2056 1354 2179 Domine,
1375 2093 1532 2196 parce
1556 2056 1762 2197 populo
1782 2080 1893 2174 tuo,

474 2249 529 2326 et
557 2222 759 2326 diutius
801 2259 867 2325 ne
903 2224 998 2327 des
1040 2224 1398 2326 haereditatem
1432 2250 1575 2326 tuam
1605 2223 1660 2324 in
1694 2255 1895 2361 oppro-

476 2390 666 2492 brium.
700 2388 784 2492 Sic
813 2389 1123 2511 vindicabis,
1158 2390 1404 2512 Domine,
1434 2387 1748 2527 sanguinem
1768 2385 1894 2491 San·

474 2584 681 2660 ctorum
710 2583 925 2659 tuorum
951 2557 1043 2691 qui
1072 2556 1271 2659 effusus
1299 2584 1380 2660 est
1408 2593 1570 2695 super
1596 2582 1808 2659 terram.

546 2722 854 2861 Purpuratae
892 2721 1108 2823 illorum
1136 2749 1374 2846 catervae,
1410 2760 1530 2861 quae
1570 2758 1710 2825 nunc
1748 2720 1896 2824 utin

474 2889 626 2992 coelis
676 2889 749 2990 sic
795 2889 849 2989 in
887 2888 1112 2991 Ecclesia
1154 2890 1311 3011 lucet,
1351 2889 1485 2993 nihil
1529 2889 1696 3027 magis
1743 2885 1895 2990 cordi

472 3092 587 3160 esse
625 3090 897 3158 censemus
936 3091 1093 3192 quam
1133 3083 1191 3157 ut
1219 3092 1281 3158 ea
1309 3093 1439 3195 gens
1477 3093 1506 3160 e
1539 3094 1645 3194 qua
1671 3053 1892 3193 prodiit,

471 3259 501 3326 a
542 3221 710 3327 deviis
752 3222 960 3324 rediens
1003 3223 1226 3361 pascuis,
1268 3223 1322 3325 in
1358 3223 1442 3364 jus
1486 3250 1539 3325 et
1574 3247 1894 3362 potestatem

472 3389 659 3492 subeat
706 3388 940 3525 supremi
984 3386 1234 3511 Pastoris,
1270 3390 1355 3492 cui
1387 3390 1489 3492 soli
1530 3389 1893 3493 dictumest:

472 3556 634 3660 Pasce
671 3592 835 3694 agnos
876 3592 1035 3683 meos,
1066 3592 1223 3695 pasce
1260 3591 1389 3660 oves
1429 3592 1587 3659 meas.
1629 3551 1799 3679 Quod
1835 3580 1895 3657 ut

470 3722 698 3826 feliciter
725 3722 933 3826 eveniat
959 3723 1002 3825 si
1032 3722 1202 3825 nostri
1231 3721 1376 3825 Beati
1414 3759 1687 3862 nunquam
1719 3721 1893 3824 Deum

470 3889 744 4029 deprecari
783 3917 1135 4011 cessaverunt,
1170 3917 1372 4026 quanto
1412 3891 1578 4029 magis
1607 3925 1748 3993 nunc
1778 3885 1894 3992 effi-

471 4056 682 4159 cacibus
718 4055 967 4195 precibus
1011 4056 1298 4179 instabunt,
1345 4090 1465 4156 cum
1505 4049 1743 4153 coelitum
1793 4048 1895 4151 ho-

470 4221 696 4325 noribus
739 4222 931 4344 ornati,
963 4223 1066 4362 ipsi
1103 4222 1245 4362 apud
1284 4221 1454 4322 Deum
1494 4215 1737 4319 deferent
1770 4250 1894 4319 ora·

471 4387 643 4492 tiones
673 4424 805 4526 quas
832 4415 1098 4528 perpetuo
1136 4386 1364 4492 fundent
1392 4412 1504 4488 tum
1533 4382 1744 4520 Angliae
1773 4379 1894 4483 laici

468 4552 671 4677 fideleS,
694 4581 805 4657 tum
835 4555 938 4658 illae
965 4554 1229 4694 religiosae
1259 4553 1538 4689 utriusque
1558 4583 1715 4651 sexus
1741 4545 1896 4650 fami·

468 4719 571 4844 liae,
594 4757 714 4860 quae
741 4722 980 4864 hospitio
1013 4723 1314 4860 Anglorum
1343 4746 1449 4823 tam
1477 4715 1685 4819 liberali
1714 4714 1896 4818 fruen-
