4740 6414
1201 680 1449 738 —xx1v-

600 888 711 962 ram,
737 878 1021 971 semotusque
1054 892 1082 948 a
1118 866 1275 949 timore
1308 879 1537 967 nocturno,
1564 880 1658 951 tum
1690 868 1744 951 de
1780 867 1827 952 Β.
1860 867 2037 954 ioanne

602 991 862 1100 Houghton,
879 1010 974 1081 tum
1007 998 1061 1080 de
1094 997 1194 1079 filiis
1225 1011 1268 1080 et
1301 998 1433 1082 modo
1469 999 1638 1081 vivendi
1673 1000 1719 1082 in
1753 998 2035 1085 londiniensi

601 1125 836 1211 Conventu
854 1128 1115 1213 luculentius
1131 1128 1294 1235 aliquid
1311 1157 1533 1215 recensere
1549 1133 1714 1216 studuit
1731 1132 1759 1234 ¹,
1780 1148 1827 1215 ut
1846 1134 1891 1217 in
1910 1149 2034 1241 patre

602 1261 732 1344 simul
753 1276 794 1344 et
814 1261 915 1344 filiis
935 1263 1186 1345 laudaretur
1210 1276 1251 1344 et
1276 1263 1589 1368 glorificaretur
1609 1262 1741 1348 Deus.
1764 1267 1876 1348 Nam
1899 1297 1919 1342 α
1942 1267 2032 1350 suf-

601 1392 715 1474 ficiet
735 1393 911 1494 mihi...‚
930 1394 1086 1500 inquit,
1105 1395 1139 1475 si
1161 1422 1213 1477 ex
1232 1395 1314 1477 hoc
1330 1397 1450 1500 quod
1469 1422 1614 1502 egero,
1637 1396 1774 1502 gloria
1788 1398 1833 1480 in
1848 1398 2031 1482 excelsis

601 1527 656 1608 ab
676 1527 842 1631 angelis
863 1526 1090 1610 Altissimo
1113 1541 1302 1625 resonet,
1325 1542 1366 1608 et
1385 1527 1430 1608 in
1454 1542 1568 1608 terra
1590 1529 1684 1610 istis
1710 1527 1876 1611 Sanctis
1900 1556 2032 1613 vene·

601 1659 711 1740 ratio
732 1659 786 1740 ab
806 1659 1059 1742 hominibus
1080 1659 1208 1740 bonae
1228 1658 1463 1739 voluntatis
1484 1659 1759 1764 impendatur
1772 1658 1801 1741 2.
1824 1691 1842 1732 »

657 1789 737 1872 His
776 1791 1031 1894 praemissis,
1069 1817 1212 1872 rerum
1255 1791 1549 1873 narrationem
1589 1793 1854 1897 aggreditur,
1893 1793 2031 1900 poeni-

599 1922 746 2004 tentiae
778 1922 1169 2028 significationibus
1190 1922 1376 2027 plenam.
1406 1919 1607 2004 Monachi
1629 1924 1804 2007 nomine
1825 1925 2032 2031 indignus

601 2083 714 2155 sum,
737 2056 894 2154 aiebat,
919 2069 960 2136 et
986 2053 1068 2135 hoc
1098 2055 1179 2159 ipsi
1213 2053 1355 2136 solum
1385 2054 1552 2158 placere
1575 2054 1744 2136 videtur
1764 2059 1883 2162 quod
1909 2083 2032 2140 occa·

601 2189 769 2271 sionem
791 2186 1065 2269 nanciscatur
1088 2187 1276 2291 propriae
1300 2187 1482 2293 ignaviae
1507 2187 1777 2293 publicandae
1805 2199 1845 2270 et
1868 2188 2031 2271 deflen-

601 2323 681 2403 dae.
702 2319 803 2425 Ejus
825 2345 929 2423 ergo
951 2319 1111 2400 librum
1135 2320 1189 2400 ad
1213 2345 1358 2402 rerum
1385 2319 1531 2420 fidem,
1551 2319 1727 2402 minime
1749 2347 1851 2403 vero
1868 2321 1924 2404 ad
1939 2321 2032 2404 lau-

602 2454 700 2535 dem
731 2451 935 2551 auctoris,
955 2451 1165 2555 scriptum
1189 2477 1285 2532 esse
1305 2451 1583 2532 manifestum
1603 2465 1682 2532 est.

344 2604 444 2655 Sermo
473 2605 574 2670 pietate
655 2582 824 2680 Serm0‚
840 2583 945 2663 locis
969 2608 1101 2663 sacrae
1122 2579 1355 2686 Scripturae
1385 2582 1642 2679 uberrimus,
1662 2609 1687 2663 a
1713 2583 1850 2686 capite
1871 2584 1926 2664 ad
1946 2583 2032 2666 cal-

308 2667 574 2803 imiimi&
603 2742 695 2798 cem
720 2714 932 2796 sinceram
947 2714 1152 2818 pietatem
1169 2713 1350 2814 redolet,
1366 2728 1408 2794 et
1424 2740 1469 2795 re
1486 2714 1612 2796 simul
1629 2741 1678 2796 ac
1699 2715 1830 2798 modo
1851 2741 2031 2796 narran-

307 2801 434 2856 namna.
488 2896 493 2905 ·
602 2846 645 2930 di
667 2873 748 2928 nos
768 2845 897 2928 refert
926 2847 982 2927 ad
1011 2861 1178 2927 veteres
1207 2846 1425 2950 primaevae
1452 2843 1647 2928 Ecclesiae
1675 2860 1900 2950 martyres.
1928 2844 2033 2929 Non

603 2978 717 3060 culta
736 3003 877 3082 neque
899 2976 1048 3082 polita,
1070 2990 1118 3058 ut
1138 2977 1230 3081 ipse
1250 2977 1423 3076 fatetur,
1440 2978 1580 3058 oratio
1606 2991 1685 3079 est,
1702 2977 1791 3060 imo
1812 2978 2032 3062 interdum

602 3109 771 3194 videtur
791 3109 1061 3191 subobscura
1081 3123 1123 3189 et
1138 3109 1343 3213 agrestis3
1369 3136 1518 3191 verum
1550 3108 1585 3190 si
1610 3110 1709 3215 quis
1730 3109 1869 3214 prima
1884 3135 2031 3192 rerum

602 3243 833 3347 asperitate
849 3267 873 3321 a
894 3240 1077 3323 lectione
1098 3268 1186 3322 non
1203 3242 1484 3341 deterreatur,
1503 3241 1588 3341 ille,
1606 3241 1679 3323 ubi
1701 3242 1888 3324 auctoris
1904 3241 2032 3347 quasi

603 3373 779 3456 intimos
805 3399 959 3454 sensus
981 3372 1261 3477 perspexerit,
1283 3373 1486 3473 fructum,
1508 3372 1784 3475 confidimus,
1805 3387 1935 3480 atque
1953 3401 2033 3458 vo·

603 3503 812 3609 luptatem
847 3530 897 3585 ex
923 3503 1093 3608 integro
1120 3504 1339 3586 volumine
1367 3505 1659 3608 percurrendo
1687 3504 1838 3609 capiet.
1863 3504 2033 3590 Etenim

604 3635 640 3718 si
670 3662 757 3717 non
789 3661 962 3739 semper
989 3635 1157 3717 delectu
1182 3637 1415 3718 verborum
1445 3636 1604 3718 eminet
1631 3638 1838 3740 narratio,
1860 3651 1904 3719 at
1930 3663 2033 3721 sen·

602 3766 836 3849 tentiarum
863 3765 1002 3871 logica
1033 3766 1142 3849 serie
1178 3793 1350 3873 semper
1375 3769 1609 3872 conspicua
1639 3783 1718 3851 est.
1754 3769 2031 3871 Quinetiam,

604 3924 693 3980 non
721 3897 927 3979 indiserte
954 3898 998 3980 in
1030 3896 1286 3981 Praefatione
1316 3927 1415 3982 eum
1443 3900 1576 3983 luisse
1609 3900 1818 4000 locutum,
1844 3902 2028 3986 diceres.

327 4113 575 4186 ,mmmc-
604 4026 722 4111 Nihil
749 4027 920 4133 scripsit
943 4030 1183 4135 elegantius
1207 4057 1339 4136 quam
1369 4030 1440 4111 illa
1466 4031 1625 4135 quibus
1648 4058 1693 4113 se
1718 4032 1882 4115 nescire
1909 4032 2034 4138 loqui

313 4176 368 4230 sat.
602 4159 784 4242 asserit:
816 4191 834 4233 <t
864 4158 986 4243 More
1015 4187 1230 4244 annorum
1251 4188 1447 4245 meorum
1461 4162 1492 4264 *,
1526 4163 1600 4267 qui
1631 4190 1740 4269 puer
1769 4191 1866 4247 sum
1887 4178 2032 4267 aetate,

648 4330 657 4378 ¹
673 4333 744 4424 Ipse
762 4357 796 4401 se
814 4335 974 4423 scripsisse
996 4357 1082 4403 anno
1097 4357 1178 4425 1539
1194 4334 1243 4403 his
1257 4333 1360 4403 verbis
1376 4333 1532 4404 declarat:
1553 4363 1570 4399 α
1585 4360 1652 4405 non
1668 4335 1774 4406 deerat
1792 4357 1954 4406 certamen
1972 4361 2034 4407 no·

602 4419 662 4503 bis,
685 4446 727 4490 ne
754 4445 818 4490 una
838 4420 969 4512 quidem
991 4422 1080 4505 hora,
1106 4447 1162 4514 per
1177 4444 1315 4514 quatuor
1336 4427 1507 4493 continuos
1524 4449 1627 4493 annos
1643 4429 1818 4513 prateritos.
1841 4451 1858 4486 »
1884 4426 1966 4515 Cap.
1983 4448 2031 4509 111,

603 4533 635 4598 p.
661 4530 734 4613 309,
751 4510 808 4577 lin.
828 4533 849 4597 4
866 4528 897 4578 et
915 4530 944 4598 5.
964 4512 1032 4591 Qui
1046 4536 1148 4601 quum
1171 4531 1258 4581 certo
1279 4515 1361 4580 sint:
1381 4536 1434 4580 an.
1456 4515 1537 4602 1535
1552 4538 1617 4603 quo
1637 4515 1672 4581 B.
1691 4517 1832 4600 Joannes
1849 4514 2034 4603 Houghton

603 4621 727 4666 occisus
740 4619 798 4680 est,
811 4601 887 4666 anni
898 4603 992 4754 15p6,
1009 4622 1044 4688 15
1052 4621 1104 4688 37,
1115 4620 1146 4668 et
1159 4594 1242 4688 1538
1253 4625 1318 4691 quo
1334 4601 1439 4670 clausa
1453 4603 1881 4686 estDomusLondiniensis,
1894 4627 2030 4672 necesse

604 4704 652 4755 est
671 4705 707 4755 ut
726 4709 812 4754 anno
833 4707 915 4774 1539
949 4686 1081 4756 ibellum
1102 4692 1331 4778 composuerit.

645 4790 659 4835 ‘²
674 4792 719 4858 Ex
737 4791 926 4860 Praelatione
943 4795 1071 4882 passim.
