4740 6414
674 1742 881 1834 Elencltus
912 1744 1137 1833 editionum
1171 1745 1385 1835 Passionis
1417 1747 1577 1835 XVIII
1610 1747 1977 1838 Cartustanorum.

671 2228 922 2334 Quinquies
947 2229 1154 2311 hactenus
1182 2229 1226 2310 in
1253 2229 1475 2333 publicum
1502 2228 1661 2311 emissa
1681 2245 1746 2311 est
1766 2229 1907 2314 XVIII
1929 2229 2045 2314 Mar·

616 2377 759 2465 tyrum
780 2374 1030 2443 nostrorum
1052 2358 1247 2442 Historia
1268 2391 1275 2440 :

675 2504 710 2572 1⁰
736 2491 989 2596 Moguntiae,
1013 2489 1173 2574 Prioris
1204 2507 1246 2574 et
1278 2490 1576 2574 Procuratoris
1602 2493 1802 2576 cartusiae
1823 2493 1942 2599 juxta
1972 2524 2045 2578 ur·

616 2623 715 2703 bern
737 2623 829 2702 sitae
846 2648 949 2703 cura
976 2637 1017 2703 et
1037 2624 1198 2723 studi0‚
1221 2650 1338 2705 anno
1362 2623 1479 2724 1550,
1503 2624 1616 2727 in·4⁰.

672 2766 711 2834 2⁰
748 2751 980 2854 Monachii,
1017 2754 1060 2834 in
1093 2754 1294 2836 Illustria
1325 2754 1531 2836 Ecclesia
1564 2755 1798 2838 Cotinolicae
1832 2757 1873 2840 T
1870 2760 2045 2865 rophaea

617 2884 779 2968 Erasmi
794 2886 957 2983 Vendii,
974 2913 1042 2967 an.
1067 2886 1184 2992 1573,
1201 2887 1261 2967 in·
1277 2913 1338 2966 12.

669 3018 710 3101 3⁰
730 3015 886 3123 Burgis
915 3018 958 3099 in
990 3016 1215 3122 Hispania,
1246 3018 1362 3122 apud
1390 3015 1582 3117 Juntam,
1613 3018 1729 3121 1583,
1759 3021 1809 3102 85
1833 3048 1874 3127 p.
1906 3022 2043 3106 in-18.

617 3149 687 3233 Est
708 3149 799 3231 haec
820 3149 951 3231 editio
973 3149 1121 3230 nitida.

667 3280 774 3364 Tres
812 3281 1028 3386 praedictae
1067 3280 1294 3376 editiones,
1326 3279 1361 3359 si
1396 3280 1576 3361 mendas
1609 3281 1775 3387 aliquot
1805 3285 2043 3389 exceperis,

616 3441 751 3519 quum
772 3416 826 3496 ab
848 3412 1044 3518 Hispano
1064 3427 1157 3493 tum
1185 3438 1210 3492 a
1237 3409 1460 3492 Germano
1482 3411 1647 3494 editore
1673 3415 1854 3515 ablataS,
1876 3429 2045 3499 textum

616 3574 752 3629 unum
787 3546 1071 3650 eumdemque
1103 3543 1321 3642 exhibent,
1350 3568 1428 3623 nec
1462 3543 1606 3626 solum
1634 3546 1846 3630 Passione
1881 3547 2046 3630 Cortu-

614 3680 840 3761 sianorum
862 3678 1086 3760 sedetiam
1107 3676 1258 3757 ceteris
1277 3672 1330 3757 D.
1352 3672 1564 3780 Chauncy
1587 3679 1808 3781 opusculis
1829 3694 2045 3762 constant.

668 3825 710 3916 4⁰
729 3809 934 3914 Sequenti
965 3810 1138 3909 saecu10‚
1157 3807 1331 3891 omissis
1362 3809 1596 3912 opusculis,
1624 3807 1859 3893 Mediolani
1880 3812 2047 3917 prodiit

616 3941 776 4029 editio¹
808 3942 1065 4025 nitidissima
1092 3949 1173 4039 (an.
1207 3940 1325 4040 1606,
1358 3938 1426 4020 181
1454 3965 1494 4043 p.
1527 3940 1674 4041 in-rnl,
1705 3943 1856 4046 primae
1886 3944 2046 4027 similis

616 4077 692 4160 sed
714 4101 812 4157 curn
833 4073 958 4157 titulo
979 4073 1105 4177 plane
1125 4099 1238 4153 novo
1265 4103 1272 4152 :
1303 4071 1412 4156 Vitae
1437 4100 1487 4152 ac
1515 4071 1731 4178 Martyrii
1752 4074 2045 4157 Cartusiono-

615 4235 713 4290 rum
743 4205 908 4313 aliquot
938 4205 1025 4312 qui,
1055 4203 1279 4297 Londinii,
1303 4231 1390 4310 pro
1421 4204 1579 4286 unitate
1604 4203 1812 4287 Ecclesiae
1836 4206 2048 4290 aduersus

613 4339 831 4423 haereticos
850 4351 1020 4421 strenue
1033 4338 1335 4444 depugnantes,
1362 4338 1481 4420 uarie
1495 4337 1701 4419 trucidati
1719 4351 1825 4433 sunt,
1846 4339 1922 4446 pia
1937 4368 2045 4422 nor-

615 4472 742 4556 ratio.

656 4720 728 4786 ¹Ex
752 4719 810 4786 hac
835 4715 975 4785 editione
1016 4718 1124 4805 aginus
1147 4739 1215 4784 non
1240 4739 1355 4804 paucas
1382 4736 1545 4785 mutuatus
1559 4736 1606 4784 est
1627 4717 1669 4783 D.
1690 4719 1726 4785 B.
1743 4716 1904 4808 Tromby,
1920 4718 1965 4809 (S
2019 4725 2026 4739 '

610 4807 796 4877 att’orotm
810 4806 933 4874 Cortus.
949 4824 972 4872 t.
1034 4825 1089 4888 ;v.
1104 4827 1165 4893 gn:
1182 4829 1215 4894 p.
1229 4806 1271 4873 88
1287 4824 1320 4873 et
1336 4829 1419 4894 seq„
1441 4826 1501 4872 102
1520 4824 1552 4873 et
1570 4828 1654 4894 seq,
1675 4808 1734 4872 126
1754 4825 1786 4874 et
1805 4808 1887 4896 seq.)
