4740 6414
975 691 1216 770 ..117-

384 877 436 988 vi,
460 907 552 966 uno
591 898 792 997 excepto,
824 897 1005 997 propter
1040 877 1283 996 squalorem
1317 897 1362 965 et
1397 874 1599 966 soetorem
1631 877 1809 967 carceris

386 1026 698 1116 moriebantur.
721 1026 857 1134 Quod
881 1025 1058 1115 audiens
1080 1024 1152 1113 ille
1167 1025 1507 1145 praenominatus
1536 1026 1660 1147 Regis
1683 1026 1831 1118 Vica·.

385 1177 484 1292 rius,
505 1176 739 1265 admodum
768 1205 882 1296 aegre
910 1174 1024 1290 tulit,
1051 1174 1286 1296 duriusque
1309 1198 1568 1266 vexaturum
1594 1207 1638 1265 se
1661 1208 1749 1292 eos,
1775 1177 1808 1266 si

388 1326 602 1440 vixissent,
646 1356 745 1416 cum
786 1355 949 1446 magno
978 1329 1229 1448 juramento
1259 1325 1514 1415 affirmabat.
1549 1328 1623 1415 llle
1661 1349 1807 1415 autem

390 1482 532 1566 Frater
560 1481 807 1566 Conversus
830 1497 1043 1595 superstes
1065 1473 1111 1564 in
1137 1504 1319 1585 carcere,
1342 1474 1525 1563 nomine
1552 1475 1808 1565 Guillelmus

391 1631 528 1739 Horu,
565 1655 643 1746 per
676 1623 1009 1745 quadriennium
1043 1624 1104 1714 ibi
1136 1624 1293 1713 mansit
1329 1623 1586 1738 incolumis3
1630 1626 1807 1714 tandem
1836 1647 2097 1761 Gufflglrgiriffintff-

388 1775 579 1891 eductus,
599 1795 756 1894 quarto
781 1772 939 1863 scilicet
956 1771 1025 1863 die
1041 1773 1301 1864 Novembris
1317 1803 1434 1862 anno
1446 1772 1624 1862 Domini
1649 1801 1752 1897 1541
1777 1787 1804 1889 ¹,

386 1947 541 2038 morte,
562 1953 694 2045 quam
718 1944 764 2012 et
785 1922 1049 2013 reverendus
1073 1928 1200 2012 Pater
1218 1944 1367 2012 noster
1383 1952 1527 2042 passus
1551 1944 1630 2036 est,
1651 1944 1697 2012 et
1719 1922 1809 2042 ipse

386 2072 522 2163 finivit
552 2073 686 2162 vitam
717 2103 853 2187 suam,
884 2071 1141 2162 evisceratus
1173 2093 1218 2161 et
1249 2071 1296 2160 in
1328 2070 1531 2161 omnibus
1556 2070 1810 2161 dilaceratus

388 2221 614 2313 membris:
637 2221 782 2343 sicque
804 2245 973 2343 patrem
997 2245 1143 2312 secuta
1165 2242 1230 2310 est
1244 2250 1319 2310 sua
1341 2222 1499 2340 proles,
1519 2219 1635 2309 inter
1658 2252 1810 2310 omues

387 2371 618 2462 diutissime
647 2394 693 2462 et
715 2371 939 2462 durissime
955 2394 1145 2486 vexatus,
1166 2393 1211 2461 et
1227 2392 1403 2460 necatus
1428 2400 1510 2490 pro
1537 2399 1687 2459 amore
1710 2375 1810 2460 Jesu

390 2545 428 2611 et
465 2552 547 2642 pro
577 2522 663 2612 fide
692 2553 857 2644 sponsae
886 2554 971 2613 suae
998 2521 1186 2613 Ecclesiae
1219 2520 1470 2636 Catholicae‚
1501 2519 1645 2640 potius
1679 2550 1808 2641 quam

390 2667 536 2762 falsum
559 2672 702 2763 dicere
728 2695 804 2762 aut
824 2678 969 2797 jurare
986 2671 1204 2762 voluisset.
