4740 6414
911 693 1124 773 ..19-

301 879 397 995 viri,
417 884 541 1002 juxta
570 878 713 1000 gentis
742 878 854 968 illius
884 876 1261 991 consuetudinem,
1281 877 1440 998 quibus
1462 876 1608 966 traditi
1630 897 1732 966 sunt

300 1028 468 1120 articuli
500 1050 549 1119 ut
573 1058 703 1149 super
729 1027 810 1117 illis
838 1029 1134 1117 consultarent
1159 1056 1209 1115 ac
1232 1026 1476 1149 judicarent
1500 1057 1556 1116 an
1583 1030 1731 1115 Morus

302 1178 515 1269 malitiose
537 1201 691 1268 contra
720 1177 945 1268 decretum
968 1175 1239 1297 peccavisset.
1271 1175 1359 1285 Qui
1387 1207 1485 1265 cum
1512 1206 1591 1297 per
1612 1175 1732 1264 horae

303 1352 505 1450 quartam
530 1349 700 1449 partem
728 1326 1009 1439 secessissent,
1036 1324 1195 1415 reversi
1222 1349 1323 1415 sunt
1353 1327 1407 1415 ad
1438 1325 1656 1447 Principes
1688 1347 1733 1414 et

301 1476 471 1568 ludices
500 1477 723 1597 delegatos
748 1507 795 1566 ac
820 1475 1164 1597 pronuntiarunt
1188 1475 1357 1600 Guilty,
1387 1477 1471 1565 hoc
1497 1498 1562 1564 est
1588 1509 1597 1565 :
1626 1505 1731 1564 con·
1760 1501 1890 1629 Gquif·
1906 1498 2023 1550 rara:

302 1627 574 1716 demnandus
602 1649 678 1716 aut
705 1628 861 1745 dignus
891 1648 956 1714 est
985 1648 1143 1714 morte.
1173 1630 1276 1715 Mox
1307 1625 1599 1715 Cancellarius
1628 1654 1731 1745 pro·

303 1775 520 1866 nuntiavit
556 1775 817 1864 sententiam
855 1779 978 1897 juxta
1015 1771 1247 1863 formulam
1286 1775 1518 1864 memorati
1550 1773 1728 1864 decreti.

366 1924 443 2014 l·lis
480 1923 541 2012 ita
575 1922 773 2044 peractis,
805 1924 994 2012 Thomas
1025 1927 1173 2013 Morus
1213 1924 1270 2013 sic
1308 1952 1430 2013 orsus
1467 1947 1532 2013 est
1563 1921 1684 2044 loqui
1719 1958 1728 2013 :

304 2111 327 2160 a
348 2074 557 2186 Quando,
584 2071 743 2194 inquit,
765 2072 897 2162 morti
914 2102 1009 2162 sum
1026 2072 1291 2196 adjudicatus
1308 2076 1500 2191 (rectene
1522 2104 1578 2162 an
1595 2104 1729 2188 secus,

303 2222 426 2314 novit
459 2222 606 2342 Deus),
641 2222 696 2312 ad
726 2223 1050 2311 exonerandam
1084 2253 1225 2311 meam
1258 2222 1563 2313 conscientiam
1597 2223 1732 2312 libere

303 2372 425 2463 vobis
446 2373 501 2462 de
528 2396 672 2463 vestro
698 2374 876 2461 decreto
902 2372 1042 2461 dicam
1070 2373 1189 2493 quod
1216 2371 1373 2462 sentio.
1403 2372 1596 2462 Primum
1626 2372 1733 2462 illud

303 2522 417 2637 dico,
451 2554 523 2611 me
560 2544 728 2643 septem
767 2522 890 2611 annis
929 2521 1164 2611 intendisse
1211 2523 1407 2611 animum
1453 2521 1732 2643 studiumque

304 2702 452 2761 meum
476 2671 524 2761 in
550 2671 674 2761 istam
700 2702 888 2761 causam.
920 2678 1083 2761 Verum
1115 2672 1323 2761 hactenus
1347 2671 1394 2761 in
1418 2674 1539 2761 nullo
1568 2677 1731 2761 Docto·

303 2851 402 2910 rum
426 2821 481 2909 ab
510 2819 687 2910 Ecclesia
716 2822 1003 2941 probatomm
1029 2820 1171 2942 reperi
1204 2821 1411 2942 scriptum
1435 2824 1554 2943 quod
1579 2822 1729 2937 laicus,

304 2992 380 3060 aut
401 2993 453 3059 ut
479 2992 636 3060 vocant
658 2970 882 3086 saecularis,
911 2971 1045 3091 possit
1071 3002 1160 3060 esse
1190 2994 1319 3091 caput
1345 2992 1479 3061 status
1504 2972 1734 3093 spiritualis

305 3144 380 3210 aut
406 3119 689 3210 ecclesiastici.
713 3157 736 3203 a

368 3270 449 3359 llic
478 3269 770 3360 Cancellarius
797 3270 1122 3391 interrumpens
1144 3269 1256 3358 Mori
1279 3300 1526 3360 sermonem
1557 3305 1565 3359 :
1597 3275 1732 3360 «Do-

306 3419 423 3509 mine
451 3424 591 3534 More,
617 3419 777 3540 inquit,
801 3418 862 3509 ita
887 3451 943 3508 ne
974 3443 1020 3509 tu
1044 3419 1104 3508 vis
1130 3419 1280 3508 haberi
1313 3419 1550 3541 sapientior
1579 3420 1732 3510 melio-

305 3569 449 3690 risque
476 3567 751 3660 conscientiae
776 3569 980 3658 omnibus
1006 3568 1231 3689 Episcopis,
1253 3592 1346 3658 tota
1372 3569 1615 3684 nobilitate,
1636 3592 1734 3660 toto

305 3718 495 3840 denique
520 3719 694 3839 regno?
715 3756 736 3800 a

366 3870 435 3959 Ad
452 3899 549 3988 quae
572 3872 721 3958 Morus
747 3901 755 3956 :
784 3867 1032 3981 «Domine,
1058 3867 1217 3986 inquit,
1236 3869 1520 3984 Cancellarie,
1545 3898 1626 3990 pro
1642 3901 1734 3960 uno

306 4017 513 4138 Episcopo
535 4048 667 4139 quem
691 4017 823 4106 habes
849 4039 935 4106 tuae
958 4015 1191 4137 opinionis,
1220 4016 1326 4105 mihi
1357 4041 1458 4107 sunt
1481 4016 1604 4109 facile
1630 4051 1732 4110 cen-

303 4190 415 4281 tum,
432 4165 564 4288 idque
590 4197 647 4256 ex
670 4166 845 4257 illorum
864 4195 1050 4256 numero
1075 4169 1148 4288 qui
1174 4169 1290 4258 inter
1309 4168 1439 4261 Divos
1462 4171 1586 4260 relati
1610 4195 1731 4285 sunt;

304 4339 352 4406 et
375 4347 457 4437 pro
479 4315 610 4406 unico
634 4338 779 4408 vestro
805 4315 1004 4406 Concilio
1031 4317 1167 4437 (quod
1190 4320 1317 4438 quale
1341 4317 1410 4434 sit,
1438 4325 1553 4410 Deus
1577 4320 1731 4439 novit),

302 4496 384 4587 pro
417 4497 488 4554 me
522 4465 664 4556 habeo
698 4466 847 4555 omnia
883 4465 1080 4557 Concilia
1117 4467 1353 4586 generalia,
1388 4469 1511 4559 annis
1545 4471 1735 4563 abhinc

304 4615 422 4705 mille
447 4615 681 4732 celebrata;
709 4640 754 4705 et
783 4647 864 4738 pro
893 4647 982 4705 uno
1014 4645 1172 4735 regno,
1200 4616 1342 4706 habeo
1368 4617 1586 4708 Franciam
1616 4642 1733 4709 cete-

305 4797 442 4890 raque
463 4767 699 4858 Christiani
722 4767 839 4857 orbis
864 4798 1000 4887 regna
1025 4766 1187 4857 omnia.
1210 4805 1233 4851 a
