4776 6390
1376 705 1429 718 ...
1455 689 1510 769 74
1537 706 1590 720 ..

766 871 1089 993 temporalium,
1115 871 1462 994 concupiscentia
1475 870 1674 961 desiderii
1688 896 1971 988 aeternorum,
1994 902 2191 962 commu·

766 1022 832 1111 nis
857 1021 1090 1136 humilitas,
1118 1020 1257 1111 cordis
1282 1020 1488 1112 contritio
1510 1021 1714 1112 omnibus
1730 1021 1776 1111 in
1794 1052 2046 1137 commune,
2066 1020 2195 1144 suiip-

766 1172 850 1262 sius
866 1171 1052 1295 abjectio
1068 1195 1113 1261 et
1128 1171 1324 1293 praelatio
1347 1171 1579 1262 sociorum.
1608 1177 1761 1262 Sancta
1784 1172 1961 1263 devotio
1985 1195 2032 1261 et
2053 1170 2198 1263 fervor

766 1322 939 1444 spiritus
954 1322 1128 1411 inerant
1149 1321 1353 1412 intereos
1373 1322 1483 1411 adeo
1500 1345 1550 1411 ut
1566 1323 1655 1413 duo
1672 1353 1842 1437 eorum,
1863 1327 2054 1446 jacentes
2068 1353 2198 1443 super

766 1495 929 1562 terram
957 1470 1003 1561 in
1029 1494 1228 1593 tempore
1256 1471 1479 1588 orationis,
1507 1495 1726 1593 prostrato
1753 1502 1937 1594 corpore
1963 1472 2194 1562 elevaban-

766 1643 839 1712 tur
867 1621 994 1710 simul
1022 1652 1120 1711 cum
1152 1651 1335 1741 corpore
1368 1652 1393 1710 a
1425 1644 1580 1712 terra:
1618 1653 1783 1712 nomen
1819 1621 1946 1712 unius
1982 1628 2193 1744 Rogerus,

766 1769 942 1861 alterius
971 1801 1077 1860 vero
1106 1775 1308 1860 loannes.
1347 1775 1396 1860 In
1429 1770 1762 1861 affirmationem
1796 1772 1924 1896 hujus
1956 1770 2075 1862 aliud
2105 1802 2195 1862 non

506 1941 606 2009 Erhes·
621 1957 658 2009 ιν,
677 1956 716 1994 12·
766 1920 910 2010 minus
960 1920 1224 2040 stupendum
1273 1917 1480 2036 referam,
1528 1920 1574 2010 in
1621 1921 1951 2011 aedificationem
2001 1920 2195 2043 corporis

766 2070 945 2162 Christi.

476 2254 738 2367 rpgpngsapnp
831 2220 924 2311 Fuit
954 2221 1000 2310 in
1032 2220 1104 2308 illa
1135 2224 1278 2309 Domo
1309 2243 1456 2309 nostra
1487 2219 1773 2310 londoniensi
1805 2219 1981 2340 quidam
2012 2251 2195 2312 venera·

474 2377 617 2491 2¹3¹l⁶¹¹¹¹⁵
640 2377 738 2428 ΗΜ·
765 2370 860 2461 bilis
909 2376 1052 2487 Pater,
1096 2369 1330 2459 sanctitatis
1373 2369 1692 2487 inenarrabilis,
1735 2369 2052 2491 sexagesimum
2098 2394 2195 2493 post

638 2605 641 2609 ,
763 2518 1079 2643 professionem
1102 2550 1223 2609 suam
1250 2519 1297 2609 in
1329 2542 1481 2608 nostro
1505 2519 1676 2610 Ordine
1699 2521 1912 2611 excedens
1941 2552 2139 2639 annum,
2170 2552 2195 2611 e

763 2670 920 2792 quibus
948 2669 1128 2789 triginta
1162 2668 1285 2759 annis
1319 2668 1564 2759 Prioratum
1591 2670 1719 2792 hujus
1748 2676 1913 2761 Domus
1942 2693 2105 2761 nostrae
2131 2671 2193 2760 di-

476 2852 585 2966 ruam!
603 2851 735 2918 sartione,
762 2819 966 2943 gnissime
981 2818 2193 2941 administraverat,GuillelmusTynbygh*nomine,na·

493 2928 556 2983 m
586 2950 592 2964 ’
764 2967 884 3058 tione
910 2968 1143 3059 Hibernus.
1165 2968 1260 3085 Hic,
1287 2991 1388 3058 ante
1406 2968 1579 3059 habitus
1595 2992 1640 3058 et
1657 2969 1837 3060 Ordinis
1854 2969 2192 3092 susceptionem,

761 3119 817 3209 ad
841 3140 1032 3210 sanctam
1059 3118 1278 3209 civitatem
1304 3119 1541 3209 Jerusalem
1566 3118 1941 3240 peregrinabatur,
1968 3120 2044 3212 ubi
2071 3145 2118 3213 et
2140 3121 2194 3214 ab

761 3269 972 3390 Agarenis
999 3291 1148 3390 captus
1180 3265 1278 3383 fuit,
1308 3291 1354 3357 et
1381 3267 1661 3389 perimendus
1692 3269 1851 3360 carceri
1879 3270 2080 3361 traditus.
2112 3271 2196 3362 Sed

760 3417 840 3540 ipsi
880 3419 927 3508 in
964 3421 1044 3509 hac
1081 3418 1279 3539 angustia
1312 3416 1565 3532 constituto,
1594 3417 1734 3539 pridie
1770 3451 1904 3540 quam
1933 3419 2194 3510 occidendus

761 3591 869 3684 erat,
900 3566 1095 3658 venitin
1127 3590 1322 3656 mentem
1354 3566 1566 3656 memoria
1598 3569 1820 3687 cujusdam
1855 3567 2057 3690 imaginis
2086 3569 2194 3662 divae

762 3717 1026 3834 Catharinae,
1055 3717 1103 3806 in
1134 3717 1295 3838 capella
1325 3717 1480 3806 domus
1508 3740 1700 3838 paternae
1731 3718 1779 3807 in
1811 3717 1950 3840 patria
1979 3750 2055 3810 sua
2082 3750 2192 3841 pen·

762 3867 922 3982 dentis;
956 3868 1171 3988 adquam
1204 3888 1301 3957 toto
1333 3865 1471 3956 cordis
1504 3866 1661 3957 affectu
1687 3897 1934 3983 conversus,
1962 3868 2195 3961 invocabat

762 4047 862 4107 cum
888 4017 1049 4107 crebris
1071 4016 1319 4138 lacrymosis
1343 4015 1531 4137 suspiriis
1552 4015 1777 4138 praesatam
1802 4017 1966 4110 Christi
1988 4049 2195 4140 sponsam

762 4201 844 4293 pro
871 4169 936 4260 sui
963 4169 1236 4260 liberatione.
1270 4172 1318 4257 Et
1346 4166 1393 4256 in
1419 4167 1498 4257 hac
1529 4166 1841 4288 supplicatione
1866 4167 2027 4259 diutius
2055 4169 2193 4290 persi·

762 4341 893 4437 stens,
922 4351 1125 4411 somnum
1156 4317 1322 4434 incidit,
1348 4349 1372 4408 a
1400 4348 1490 4437 quo
1522 4317 1743 4437 evigilans,
1772 4318 1941 4410 invenit
1971 4350 2016 4408 se
2044 4319 2093 4409 in
2125 4319 2199 4412 illa

762 4471 923 4593 capella
947 4470 1102 4560 domus
1134 4491 1327 4591 paternae
1354 4490 1456 4557 ante
1488 4467 1736 4589 praedictam
1759 4467 1996 4588 imaginem
2021 4470 2197 4586 sedere,

497 4642 564 4693 Luc·
578 4656 655 4706 zon,
677 4657 719 4708 η.
764 4619 845 4711 Dei
871 4619 1166 4742 omnipotenti
1179 4619 1350 4710 ‘virtute
1375 4617 1459 4741 (cui
1485 4618 1593 4707 nihil
1616 4618 1879 4740 impossibile
1901 4617 1980 4740 est)
2007 4650 2090 4741 per
2111 4621 2199 4714 im·

762 4801 910 4860 mensa
945 4770 1074 4861 maris
1106 4794 1152 4860 et
1179 4793 1396 4862 terrarum
1433 4767 1571 4889 spatia
1607 4768 1753 4858 subito
1790 4770 2065 4887 translatum,
2102 4804 2202 4865 non
