1481 1781
612 265 639 269 —
651 260 694 275 xvn
708 264 734 269 —

322 315 431 333 omnem
452 313 563 333 eventus
583 307 677 333 seriem
694 307 788 333 ordine
803 306 914 341 digessit
929 313 955 333 et
971 307 1035 333 scri-

321 355 368 383 pto
386 349 528 379 mandavit;
541 349 616 383 quasi
627 358 642 374 a
651 349 709 374 Deo
719 349 859 383 provisum
874 359 887 373 α
898 358 1035 383 superesse

322 390 438 425 aliquem
456 390 520 416 fidei
533 390 654 425 probatae
675 397 768 417 testem
783 390 831 425 qui
846 397 965 416 sanctum
984 391 1035 417 hoc

322 432 397 459 avitae
411 432 474 458 fidei
488 432 610 467 praelium
621 432 696 467 quod
708 439 795 467 patres
807 432 893 458 nostri
907 432 941 458 ad
954 432 1035 459 finem

322 483 406 509 usque
429 474 592 509 praeliarunt,
616 474 765 499 litterarum
793 474 973 500 monumentis
1002 474 1035 500 ad

321 522 444 551 posteros
463 516 688 542 transmitteret.»
708 515 766 541 Nisi
785 516 857 541 enim
873 525 915 541 res
933 516 993 542 visu
1010 522 1036 542 et

323 558 415 584 auditu
433 565 571 593 perceptas
593 566 660 583 unus
683 557 728 583 ille
750 557 827 583 testis
847 558 947 592 publici
969 558 1035 593 juris

322 599 438 630 fecisset,
462 599 552 625 omnia
571 600 676 625 tandem
699 598 837 625 oblivione
858 608 927 634 pene
952 600 1035 626 deleri

323 650 427 667 necesse
446 641 547 667 fuisset.

358 683 616 709 Commentariolum
634 682 740 708 assidua
754 692 835 708 manu
847 690 984 709 verterunt
999 684 1035 709 le-

322 732 417 755 ctores,
437 724 558 750 certatim
582 724 700 750 historici
728 725 961 759 transcripserunt.
982 725 1035 751 Etsi

321 767 428 792 libellus
439 766 484 792 ille
495 766 551 801 ipse
566 776 627 792 raro
640 766 801 797 inveniatur,
813 766 935 793 omnibus
949 777 1035 802 prope

322 808 518 843 exemplaribus
536 808 617 833 trium
631 808 789 833 saeculorum
807 808 894 843 spatio
911 818 1035 835 consum-

321 850 382 885 ptis,
392 859 446 875 non
455 856 542 875 tamen
553 850 580 885 in
588 849 725 876 oblivione
734 849 812 885 jacet,
824 859 906 884 quum
915 860 965 885 per
974 860 1035 886 par-

322 899 360 918 tes
377 892 452 917 illum
471 892 498 917 in
517 888 571 917 suis
589 891 764 917 concionibus
779 892 962 918 transtulerint
975 901 1035 918 ora-

321 940 400 964 tores,
425 940 482 959 tum
500 940 603 960 veteres
621 940 678 959 tum
701 932 849 968 praesertim
864 934 1034 965 recentiores,

321 976 375 1010 qui,
386 982 446 1010 post
461 976 546 1001 cultus
560 975 801 1006 confirmationem,
816 974 964 1012 Martyrum
979 976 1035 1002 lau-

321 1018 368 1043 des
383 1018 559 1043 celebrarunt.

357 1059 546 1085 Verumtamen
567 1068 635 1094 opus
657 1058 753 1094 ipsum,
769 1058 832 1084 licet
850 1059 946 1094 saepius
965 1059 1035 1095 typis

322 1101 475 1127 mandatum
485 1108 512 1126 et
521 1101 601 1136 longe
615 1101 720 1135 lateque
731 1101 795 1126 olim
808 1101 943 1132 diffusum,
954 1101 1035 1127 hodie

321 1144 366 1169 vix
380 1142 493 1169 inveniri
512 1149 608 1177 potest,
621 1149 666 1168 aut
686 1142 708 1168 si
727 1142 866 1168 inventum
885 1142 974 1173 fuerit,
989 1143 1035 1169 vix

321 1194 387 1211 auro
409 1191 587 1219 comparatur.
613 1184 778 1211 Cartusianis
803 1193 868 1219 ergo
887 1185 973 1211 visum
995 1191 1035 1211 est

321 1227 388 1253 illud
403 1235 494 1252 rursus
508 1226 592 1261 praelo
607 1226 771 1257 submittere,
785 1226 888 1252 mendis
903 1236 1034 1262 expurga-

320 1276 386 1299 tum,
411 1268 535 1303 notisque
558 1274 682 1294 ornatum
701 1277 760 1303 quae
787 1268 881 1303 pietati
905 1268 983 1294 simul
1008 1276 1035 1294 et

1009 1323 1018 1333 ι·
