<?xml version="1.0" encoding="UTF-8"?>
<!DOCTYPE html PUBLIC "-//W3C//DTD XHTML 1.0 Transitional//EN"
    "http://www.w3.org/TR/xhtml1/DTD/xhtml1-transitional.dtd">
<html xmlns="http://www.w3.org/1999/xhtml" xml:lang="en" lang="en">
 <head>
  <title>
</title>
<meta http-equiv="Content-Type" content="text/html;charset=utf-8" />
  <meta name='ocr-system' content='tesseract 3.04.00' />
  <meta name='ocr-capabilities' content='ocr_page ocr_carea ocr_par ocr_line ocrx_word'/>
</head>
<body>
  <div class='ocr_page' id='page_1' title='image "./historiaaliquot00chaugoog_0171.png"; bbox 0 0 4740 6414; ppageno 0'>
   <div class='ocr_carea' id='block_1_1' title="bbox 1070 542 1302 620">
    <p class='ocr_par' dir='ltr' id='par_1_1' title="bbox 1070 542 1302 620">
     <span class='ocr_line' id='line_1_1' title="bbox 1070 542 1302 620; baseline -0.022 -43"><span class='ocrx_word' id='word_1_1' title='bbox 1070 542 1302 620; x_wconf 40' lang='grc' dir='ltr'>ψ-</span> 
     </span>
    </p>
   </div>
   <div class='ocr_carea' id='block_1_2' title="bbox 468 723 1897 1172">
    <p class='ocr_par' dir='ltr' id='par_1_2' title="bbox 468 723 1897 1172">
     <span class='ocr_line' id='line_1_2' title="bbox 468 723 1897 815; baseline -0.002 -17"><span class='ocrx_word' id='word_1_2' title='bbox 468 728 607 798; x_wconf 89' lang='lat' dir='ltr'>sedens.</span> <span class='ocrx_word' id='word_1_3' title='bbox 627 754 644 789; x_wconf 77' lang='lat' dir='ltr'>n</span> <span class='ocrx_word' id='word_1_4' title='bbox 660 725 926 815; x_wconf 87' lang='lat' dir='ltr'>Tromby,t.X,</span> <span class='ocrx_word' id='word_1_5' title='bbox 942 723 1106 814; x_wconf 81' lang='lat' dir='ltr'>Append.</span> <span class='ocrx_word' id='word_1_6' title='bbox 1125 726 1155 804; x_wconf 77' lang='grc' dir='ltr'>Ι,</span> <span class='ocrx_word' id='word_1_7' title='bbox 1172 748 1208 815; x_wconf 90' lang='lat' dir='ltr'>p.</span> <span class='ocrx_word' id='word_1_8' title='bbox 1230 743 1376 794; x_wconf 82' lang='lat' dir='ltr'>cxxvrn:</span> <span class='ocrx_word' id='word_1_9' title='bbox 1393 725 1579 794; x_wconf 89' lang='lat' dir='ltr'>Tractatus</span> <span class='ocrx_word' id='word_1_10' title='bbox 1594 724 1814 796; x_wconf 88' lang='lat' dir='ltr'>Statutorum</span> <span class='ocrx_word' id='word_1_11' title='bbox 1825 726 1897 798; x_wconf 92' lang='lat' dir='ltr'>Or-</span> 
     </span>
     <span class='ocr_line' id='line_1_3' title="bbox 468 811 1897 903; baseline -0.002 -18"><span class='ocrx_word' id='word_1_12' title='bbox 468 816 562 886; x_wconf 88' lang='lat' dir='ltr'>dinis</span> <span class='ocrx_word' id='word_1_13' title='bbox 576 814 686 884; x_wconf 86' lang='lat' dir='ltr'>nostri</span> <span class='ocrx_word' id='word_1_14' title='bbox 708 813 911 885; x_wconf 89' lang='lat' dir='ltr'>Cartusiani</span> <span class='ocrx_word' id='word_1_15' title='bbox 927 833 993 903; x_wconf 92' lang='lat' dir='ltr'>pro</span> <span class='ocrx_word' id='word_1_16' title='bbox 1012 811 1182 896; x_wconf 89' lang='lat' dir='ltr'>Novitiis,</span> <span class='ocrx_word' id='word_1_17' title='bbox 1199 831 1340 881; x_wconf 89' lang='lat' dir='ltr'>auctore</span> <span class='ocrx_word' id='word_1_18' title='bbox 1360 819 1412 900; x_wconf 91' lang='lat' dir='ltr'>(ut</span> <span class='ocrx_word' id='word_1_19' title='bbox 1433 813 1598 900; x_wconf 84' lang='lat' dir='ltr'>creditur)</span> <span class='ocrx_word' id='word_1_20' title='bbox 1612 813 1656 881; x_wconf 93' lang='lat' dir='ltr'>V.</span> <span class='ocrx_word' id='word_1_21' title='bbox 1673 815 1714 884; x_wconf 93' lang='lat' dir='ltr'>P.</span> <span class='ocrx_word' id='word_1_22' title='bbox 1730 817 1897 884; x_wconf 88' lang='lat' dir='ltr'>Batman-</span> 
     </span>
     <span class='ocr_line' id='line_1_4' title="bbox 468 900 1897 994; baseline -0.001 -20"><span class='ocrx_word' id='word_1_23' title='bbox 468 927 548 986; x_wconf 87' lang='lat' dir='ltr'>son,</span> <span class='ocrx_word' id='word_1_24' title='bbox 579 906 620 973; x_wconf 92' lang='lat' dir='ltr'>B.</span> <span class='ocrx_word' id='word_1_25' title='bbox 650 902 797 971; x_wconf 89' lang='lat' dir='ltr'>Joannis</span> <span class='ocrx_word' id='word_1_26' title='bbox 828 903 912 970; x_wconf 91' lang='lat' dir='ltr'>Hou</span> <span class='ocrx_word' id='word_1_27' title='bbox 938 902 1023 968; x_wconf 93' lang='lat' dir='ltr'>hton</span> <span class='ocrx_word' id='word_1_28' title='bbox 1059 902 1328 990; x_wconf 77' lang='lat' dir='ltr'>praedecessore.</span> <span class='ocrx_word' id='word_1_29' title='bbox 1363 941 1405 952; x_wconf 99' lang='lat'>-</span> <span class='ocrx_word' id='word_1_30' title='bbox 1439 900 1558 991; x_wconf 90' lang='lat' dir='ltr'><strong>Quem</strong></span> <span class='ocrx_word' id='word_1_31' title='bbox 1596 900 1701 970; x_wconf 89' lang='lat' dir='ltr'>etiam</span> <span class='ocrx_word' id='word_1_32' title='bbox 1743 903 1897 994; x_wconf 85' lang='lat' dir='ltr'>reperias</span> 
     </span>
     <span class='ocr_line' id='line_1_5' title="bbox 469 924 1896 1090; baseline -0.001 -30"><span class='ocrx_word' id='word_1_33' title='bbox 469 993 505 1060; x_wconf 92' lang='lat' dir='ltr'>in</span> <span class='ocrx_word' id='word_1_34' title='bbox 530 991 621 1063; x_wconf 92' lang='lat' dir='ltr'>Cod.</span> <span class='ocrx_word' id='word_1_35' title='bbox 648 992 716 1059; x_wconf 89' lang='lat' dir='ltr'>Ms.</span> <span class='ocrx_word' id='word_1_36' title='bbox 741 990 870 1090; x_wconf 81' lang='lat' dir='ltr'>Cotton</span> <span class='ocrx_word' id='word_1_37' title='bbox 892 924 1029 1089; x_wconf 69' lang='lat' dir='ltr'>(iVero),¹</span> <span class='ocrx_word' id='word_1_38' title='bbox 1047 993 1091 1057; x_wconf 82' lang='lat' dir='ltr'>A.</span> <span class='ocrx_word' id='word_1_39' title='bbox 1123 987 1235 1072; x_wconf 83' lang='lat' dir='ltr'>3,f01.</span> <span class='ocrx_word' id='word_1_40' title='bbox 1269 989 1345 1090; x_wconf 82' lang='lat'>139,</span> <span class='ocrx_word' id='word_1_41' title='bbox 1372 989 1503 1058; x_wconf 88' lang='lat' dir='ltr'>British</span> <span class='ocrx_word' id='word_1_42' title='bbox 1525 989 1716 1075; x_wconf 74' lang='lat' dir='ltr'>Muscam,</span> <span class='ocrx_word' id='word_1_43' title='bbox 1742 1008 1776 1059; x_wconf 89' lang='lat' dir='ltr'>et</span> <span class='ocrx_word' id='word_1_44' title='bbox 1800 991 1896 1081; x_wconf 91' lang='lat' dir='ltr'>apud</span> 
     </span>
     <span class='ocr_line' id='line_1_6' title="bbox 470 1077 1672 1172; baseline -0.003 -23"><span class='ocrx_word' id='word_1_45' title='bbox 470 1080 645 1172; x_wconf 86' lang='lat' dir='ltr'>Dugdale,</span> <span class='ocrx_word' id='word_1_46' title='bbox 665 1079 892 1147; x_wconf 81' lang='lat' dir='ltr'>Monosttcon</span> <span class='ocrx_word' id='word_1_47' title='bbox 915 1077 1163 1169; x_wconf 80' lang='lat' dir='ltr'>Angltconum,</span> <span class='ocrx_word' id='word_1_48' title='bbox 1183 1077 1239 1145; x_wconf 91' lang='lat' dir='ltr'>ed.</span> <span class='ocrx_word' id='word_1_49' title='bbox 1259 1078 1360 1157; x_wconf 79' lang='lat' dir='ltr'>Ellis,</span> <span class='ocrx_word' id='word_1_50' title='bbox 1376 1094 1401 1147; x_wconf 91' lang='lat' dir='ltr'>t.</span> <span class='ocrx_word' id='word_1_51' title='bbox 1418 1077 1484 1162; x_wconf 92' lang='lat' dir='ltr'>Vl,</span> <span class='ocrx_word' id='word_1_52' title='bbox 1502 1101 1537 1168; x_wconf 89' lang='lat' dir='ltr'>p.</span> <span class='ocrx_word' id='word_1_53' title='bbox 1556 1100 1576 1145; x_wconf 86' lang='lat' dir='ltr'>v</span> <span class='ocrx_word' id='word_1_54' title='bbox 1596 1093 1631 1146; x_wconf 88' lang='lat' dir='ltr'>et</span> <span class='ocrx_word' id='word_1_55' title='bbox 1646 1100 1672 1146; x_wconf 95' lang='lat' dir='ltr'>s.</span> 
     </span>
    </p>
   </div>
   <div class='ocr_carea' id='block_1_3' title="bbox 468 1181 1898 1449">
    <p class='ocr_par' dir='ltr' id='par_1_3' title="bbox 468 1181 1898 1449">
     <span class='ocr_line' id='line_1_7' title="bbox 513 1181 1898 1272; baseline -0.001 -19"><span class='ocrx_word' id='word_1_56' title='bbox 513 1206 531 1253; x_wconf 85' lang='lat' dir='ltr'>a</span> <span class='ocrx_word' id='word_1_57' title='bbox 581 1186 724 1252; x_wconf 88' lang='lat' dir='ltr'>Festum</span> <span class='ocrx_word' id='word_1_58' title='bbox 740 1182 978 1254; x_wconf 89' lang='lat' dir='ltr'>Candelarum</span> <span class='ocrx_word' id='word_1_59' title='bbox 999 1198 1050 1250; x_wconf 91' lang='lat' dir='ltr'>est</span> <span class='ocrx_word' id='word_1_60' title='bbox 1065 1181 1205 1250; x_wconf 82' lang='lat' dir='ltr'><em>Festum</em></span> <span class='ocrx_word' id='word_1_61' title='bbox 1224 1182 1397 1251; x_wconf 86' lang='lat' dir='ltr'><em>solemne:</em></span> <span class='ocrx_word' id='word_1_62' title='bbox 1427 1182 1549 1250; x_wconf 82' lang='lat' dir='ltr'>«ineo</span> <span class='ocrx_word' id='word_1_63' title='bbox 1568 1198 1724 1272; x_wconf 92' lang='lat' dir='ltr'>quatuor</span> <span class='ocrx_word' id='word_1_64' title='bbox 1738 1182 1898 1252; x_wconf 87' lang='lat' dir='ltr'>candelae</span> 
     </span>
     <span class='ocr_line' id='line_1_8' title="bbox 469 1270 1897 1360; baseline -0.001 -19"><span class='ocrx_word' id='word_1_65' title='bbox 469 1295 532 1341; x_wconf 88' lang='lat' dir='ltr'>seu</span> <span class='ocrx_word' id='word_1_66' title='bbox 557 1272 646 1340; x_wconf 89' lang='lat' dir='ltr'>cerei</span> <span class='ocrx_word' id='word_1_67' title='bbox 673 1272 917 1340; x_wconf 88' lang='lat' dir='ltr'>accenduntur</span> <span class='ocrx_word' id='word_1_68' title='bbox 941 1270 984 1338; x_wconf 87' lang='lat' dir='ltr'>ad</span> <span class='ocrx_word' id='word_1_69' title='bbox 1022 1287 1188 1359; x_wconf 90' lang='lat' dir='ltr'>utrasque</span> <span class='ocrx_word' id='word_1_70' title='bbox 1224 1271 1410 1360; x_wconf 87' lang='lat' dir='ltr'>Vesperas,</span> <span class='ocrx_word' id='word_1_71' title='bbox 1441 1270 1634 1339; x_wconf 89' lang='lat' dir='ltr'>Matutinas</span> <span class='ocrx_word' id='word_1_72' title='bbox 1673 1287 1706 1338; x_wconf 91' lang='lat' dir='ltr'>et</span> <span class='ocrx_word' id='word_1_73' title='bbox 1743 1273 1897 1356; x_wconf 82' lang='lat' dir='ltr'>Laudes,</span> 
     </span>
     <span class='ocr_line' id='line_1_9' title="bbox 468 1356 1894 1449; baseline -0.001 -19"><span class='ocrx_word' id='word_1_74' title='bbox 468 1362 618 1430; x_wconf 81' lang='lat' dir='ltr'>unde...</span> <span class='ocrx_word' id='word_1_75' title='bbox 664 1362 807 1429; x_wconf 88' lang='lat' dir='ltr'>Festum</span> <span class='ocrx_word' id='word_1_76' title='bbox 839 1356 1074 1427; x_wconf 83' lang='lat' dir='ltr'>Candelarum</span> <span class='ocrx_word' id='word_1_77' title='bbox 1108 1375 1264 1427; x_wconf 88' lang='lat' dir='ltr'>vocatur.</span> <span class='ocrx_word' id='word_1_78' title='bbox 1300 1386 1316 1419; x_wconf 78' lang='lat' dir='ltr'>n</span> <span class='ocrx_word' id='word_1_79' title='bbox 1356 1361 1408 1427; x_wconf 84' lang='lat' dir='ltr'>Ex</span> <span class='ocrx_word' id='word_1_80' title='bbox 1439 1373 1468 1426; x_wconf 83' lang='grc' dir='ltr'>ι·</span> <span class='ocrx_word' id='word_1_81' title='bbox 1504 1375 1601 1449; x_wconf 87' lang='lat' dir='ltr'>parte</span> <span class='ocrx_word' id='word_1_82' title='bbox 1628 1357 1758 1429; x_wconf 91' lang='lat' dir='ltr'>Statut.</span> <span class='ocrx_word' id='word_1_83' title='bbox 1784 1377 1894 1428; x_wconf 86' lang='lat' dir='ltr'><strong>nostr.</strong></span> 
     </span>
    </p>
   </div>
   <div class='ocr_carea' id='block_1_4' title="bbox 468 1457 665 1539">
    <p class='ocr_par' dir='ltr' id='par_1_4' title="bbox 468 1457 665 1539">
     <span class='ocr_line' id='line_1_10' title="bbox 468 1457 665 1539; baseline -0.01 -22"><span class='ocrx_word' id='word_1_84' title='bbox 468 1471 544 1539; x_wconf 88' lang='lat' dir='ltr'>cap.</span> <span class='ocrx_word' id='word_1_85' title='bbox 562 1471 585 1531; x_wconf 91' lang='lat'>1,</span> <span class='ocrx_word' id='word_1_86' title='bbox 602 1457 617 1530; x_wconf 75' lang='grc'>5</span> <span class='ocrx_word' id='word_1_87' title='bbox 632 1470 665 1518; x_wconf 85' lang='lat'>2.</span> 
     </span>
    </p>
   </div>
   <div class='ocr_carea' id='block_1_5' title="bbox 1097 1675 1270 1766">
    <p class='ocr_par' dir='ltr' id='par_1_5' title="bbox 1097 1675 1270 1766">
     <span class='ocr_line' id='line_1_11' title="bbox 1097 1675 1270 1766; baseline 0.006 -23"><span class='ocrx_word' id='word_1_88' title='bbox 1097 1676 1183 1766; x_wconf 85' lang='lat' dir='ltr'>Pag.</span> <span class='ocrx_word' id='word_1_89' title='bbox 1213 1675 1270 1763; x_wconf 87' lang='lat'>76.</span> 
     </span>
    </p>
   </div>
   <div class='ocr_carea' id='block_1_6' title="bbox 469 1867 1898 2136">
    <p class='ocr_par' dir='ltr' id='par_1_6' title="bbox 469 1867 1898 2136">
     <span class='ocr_line' id='line_1_12' title="bbox 519 1867 1898 1960; baseline 0.001 -23"><span class='ocrx_word' id='word_1_90' title='bbox 519 1893 530 1937; x_wconf 91' lang='lat'><em>1</em></span> <span class='ocrx_word' id='word_1_91' title='bbox 580 1869 749 1937; x_wconf 88' lang='lat' dir='ltr'>Mendose</span> <span class='ocrx_word' id='word_1_92' title='bbox 777 1870 812 1938; x_wconf 91' lang='lat' dir='ltr'>in</span> <span class='ocrx_word' id='word_1_93' title='bbox 839 1884 869 1935; x_wconf 82' lang='grc' dir='ltr'>ι·</span> <span class='ocrx_word' id='word_1_94' title='bbox 888 1867 1053 1950; x_wconf 78' lang='lat' dir='ltr'>editione,</span> <span class='ocrx_word' id='word_1_95' title='bbox 1085 1869 1183 1956; x_wconf 82' lang='lat'><strong>1529.</strong></span> <span class='ocrx_word' id='word_1_96' title='bbox 1210 1872 1318 1936; x_wconf 87' lang='lat' dir='ltr'>Anno</span> <span class='ocrx_word' id='word_1_97' title='bbox 1367 1867 1484 1935; x_wconf 88' lang='lat' dir='ltr'>uidem</span> <span class='ocrx_word' id='word_1_98' title='bbox 1507 1869 1593 1960; x_wconf 84' lang='lat'>1529</span> <span class='ocrx_word' id='word_1_99' title='bbox 1618 1868 1746 1938; x_wconf 89' lang='lat' dir='ltr'>Officio</span> <span class='ocrx_word' id='word_1_100' title='bbox 1762 1869 1898 1939; x_wconf 91' lang='lat' dir='ltr'>solutus</span> 
     </span>
     <span class='ocr_line' id='line_1_13' title="bbox 470 1954 1898 2046; baseline 0.001 -22"><span class='ocrx_word' id='word_1_101' title='bbox 470 1973 522 2025; x_wconf 91' lang='lat' dir='ltr'>est</span> <span class='ocrx_word' id='word_1_102' title='bbox 538 1981 548 2042; x_wconf 74' lang='grc' dir='ltr'><strong>ς</strong></span> <span class='ocrx_word' id='word_1_103' title='bbox 566 1979 688 2025; x_wconf 90' lang='lat' dir='ltr'>verum</span> <span class='ocrx_word' id='word_1_104' title='bbox 705 1979 763 2025; x_wconf 91' lang='lat' dir='ltr'>an.</span> <span class='ocrx_word' id='word_1_105' title='bbox 783 1957 863 2025; x_wconf 87' lang='lat'>1531</span> <span class='ocrx_word' id='word_1_106' title='bbox 884 1956 986 2036; x_wconf 91' lang='lat' dir='ltr'>obiit,</span> <span class='ocrx_word' id='word_1_107' title='bbox 1004 1970 1060 2045; x_wconf 83' lang='lat'>27¹</span> <span class='ocrx_word' id='word_1_108' title='bbox 1079 1955 1193 2022; x_wconf 91' lang='lat' dir='ltr'>martii</span> <span class='ocrx_word' id='word_1_109' title='bbox 1214 1954 1270 2023; x_wconf 92' lang='lat' dir='ltr'>die</span> <span class='ocrx_word' id='word_1_110' title='bbox 1285 1959 1337 2042; x_wconf 84' lang='lat' dir='ltr'>(ex</span> <span class='ocrx_word' id='word_1_111' title='bbox 1384 1955 1580 2045; x_wconf 89' lang='lat' dir='ltr'>phemerid.</span> <span class='ocrx_word' id='word_1_112' title='bbox 1603 1955 1754 2027; x_wconf 86' lang='lat' dir='ltr'>Ordinis</span> <span class='ocrx_word' id='word_1_113' title='bbox 1776 1957 1898 2046; x_wconf 85' lang='lat' dir='ltr'>nostri)</span> 
     </span>
     <span class='ocr_line' id='line_1_14' title="bbox 469 2042 1726 2136; baseline 0 -23"><span class='ocrx_word' id='word_1_114' title='bbox 469 2048 613 2136; x_wconf 83' lang='lat' dir='ltr'>ejusque</span> <span class='ocrx_word' id='word_1_115' title='bbox 637 2046 758 2114; x_wconf 91' lang='lat' dir='ltr'>obitus</span> <span class='ocrx_word' id='word_1_116' title='bbox 779 2044 945 2135; x_wconf 88' lang='lat' dir='ltr'>Capitulo</span> <span class='ocrx_word' id='word_1_117' title='bbox 962 2043 1127 2113; x_wconf 91' lang='lat' dir='ltr'>Generali</span> <span class='ocrx_word' id='word_1_118' title='bbox 1142 2042 1303 2129; x_wconf 85' lang='lat' dir='ltr'>ejusdem</span> <span class='ocrx_word' id='word_1_119' title='bbox 1320 2042 1402 2112; x_wconf 90' lang='lat' dir='ltr'>anni</span> <span class='ocrx_word' id='word_1_120' title='bbox 1419 2043 1645 2113; x_wconf 86' lang='lat' dir='ltr'>denuntiatus</span> <span class='ocrx_word' id='word_1_121' title='bbox 1661 2062 1726 2113; x_wconf 90' lang='lat' dir='ltr'>est.</span> 
     </span>
    </p>
   </div>
   <div class='ocr_carea' id='block_1_7' title="bbox 1103 2272 1275 2363">
    <p class='ocr_par' dir='ltr' id='par_1_7' title="bbox 1103 2272 1275 2363">
     <span class='ocr_line' id='line_1_15' title="bbox 1103 2272 1275 2363; baseline 0 -23"><span class='ocrx_word' id='word_1_122' title='bbox 1103 2273 1188 2363; x_wconf 85' lang='lat' dir='ltr'>Pag.</span> <span class='ocrx_word' id='word_1_123' title='bbox 1217 2272 1275 2340; x_wconf 81' lang='lat'>83.</span> 
     </span>
    </p>
   </div>
   <div class='ocr_carea' id='block_1_8' title="bbox 518 2465 1176 2536">
    <p class='ocr_par' dir='ltr' id='par_1_8' title="bbox 518 2465 1176 2536">
     <span class='ocr_line' id='line_1_16' title="bbox 518 2465 1176 2536; baseline -0.005 -1"><span class='ocrx_word' id='word_1_124' title='bbox 518 2489 544 2535; x_wconf 90' lang='lat'>1.</span> <span class='ocrx_word' id='word_1_125' title='bbox 597 2469 710 2535; x_wconf 92' lang='lat' dir='ltr'>Prave</span> <span class='ocrx_word' id='word_1_126' title='bbox 725 2466 760 2534; x_wconf 90' lang='lat' dir='ltr'>in</span> <span class='ocrx_word' id='word_1_127' title='bbox 781 2482 811 2533; x_wconf 79' lang='grc' dir='ltr'>ι·</span> <span class='ocrx_word' id='word_1_128' title='bbox 835 2465 988 2534; x_wconf 90' lang='lat' dir='ltr'>editione</span> <span class='ocrx_word' id='word_1_129' title='bbox 1006 2467 1176 2536; x_wconf 90' lang='lat' dir='ltr'>Rawhus.</span> 
     </span>
    </p>
   </div>
   <div class='ocr_carea' id='block_1_9' title="bbox 470 2571 1899 2839">
    <p class='ocr_par' dir='ltr' id='par_1_9' title="bbox 470 2571 1899 2839">
     <span class='ocr_line' id='line_1_17' title="bbox 514 2571 1899 2672; baseline 0 -31"><span class='ocrx_word' id='word_1_130' title='bbox 514 2595 532 2641; x_wconf 87' lang='lat'><em>2</em></span> <span class='ocrx_word' id='word_1_131' title='bbox 583 2573 632 2642; x_wconf 95' lang='lat' dir='ltr'>Ut</span> <span class='ocrx_word' id='word_1_132' title='bbox 646 2571 856 2662; x_wconf 91' lang='lat' dir='ltr'>plurimum,</span> <span class='ocrx_word' id='word_1_133' title='bbox 876 2575 972 2672; x_wconf 91' lang='lat' dir='ltr'>apud</span> <span class='ocrx_word' id='word_1_134' title='bbox 994 2595 1073 2654; x_wconf 90' lang='lat' dir='ltr'>nos,</span> <span class='ocrx_word' id='word_1_135' title='bbox 1088 2571 1289 2642; x_wconf 87' lang='lat' dir='ltr'>Sacrarium</span> <span class='ocrx_word' id='word_1_136' title='bbox 1304 2594 1375 2640; x_wconf 93' lang='lat' dir='ltr'>non</span> <span class='ocrx_word' id='word_1_137' title='bbox 1391 2589 1445 2640; x_wconf 88' lang='lat' dir='ltr'>est</span> <span class='ocrx_word' id='word_1_138' title='bbox 1460 2572 1692 2656; x_wconf 72' lang='lat' dir='ltr'>Vestianum,</span> <span class='ocrx_word' id='word_1_139' title='bbox 1710 2572 1772 2641; x_wconf 90' lang='lat' dir='ltr'>sed</span> <span class='ocrx_word' id='word_1_140' title='bbox 1789 2573 1899 2641; x_wconf 91' lang='lat' dir='ltr'>sacel-</span> 
     </span>
     <span class='ocr_line' id='line_1_18' title="bbox 470 2659 1898 2760; baseline 0 -32"><span class='ocrx_word' id='word_1_141' title='bbox 470 2660 543 2729; x_wconf 91' lang='lat' dir='ltr'>lum</span> <span class='ocrx_word' id='word_1_142' title='bbox 556 2660 670 2728; x_wconf 87' lang='lat' dir='ltr'>Altari</span> <span class='ocrx_word' id='word_1_143' title='bbox 694 2659 821 2748; x_wconf 84' lang='lat' dir='ltr'>Majori</span> <span class='ocrx_word' id='word_1_144' title='bbox 836 2659 999 2760; x_wconf 78' lang='lat' dir='ltr'>vicinius.</span> <span class='ocrx_word' id='word_1_145' title='bbox 1022 2661 1105 2728; x_wconf 88' lang='lat' dir='ltr'>Huc</span> <span class='ocrx_word' id='word_1_146' title='bbox 1130 2660 1292 2727; x_wconf 90' lang='lat' dir='ltr'>sacerdos</span> <span class='ocrx_word' id='word_1_147' title='bbox 1309 2659 1374 2728; x_wconf 90' lang='lat' dir='ltr'>iste</span> <span class='ocrx_word' id='word_1_148' title='bbox 1397 2661 1602 2751; x_wconf 90' lang='lat' dir='ltr'>perterritus</span> <span class='ocrx_word' id='word_1_149' title='bbox 1619 2683 1655 2729; x_wconf 88' lang='lat' dir='ltr'>se</span> <span class='ocrx_word' id='word_1_150' title='bbox 1676 2660 1824 2749; x_wconf 89' lang='lat' dir='ltr'>conjecit</span> <span class='ocrx_word' id='word_1_151' title='bbox 1846 2675 1898 2744; x_wconf 93' lang='lat' dir='ltr'>ut,</span> 
     </span>
     <span class='ocr_line' id='line_1_19' title="bbox 470 2764 1269 2839; baseline 0 -23"><span class='ocrx_word' id='word_1_152' title='bbox 470 2765 595 2839; x_wconf 91' lang='lat' dir='ltr'>praeter</span> <span class='ocrx_word' id='word_1_153' title='bbox 611 2770 761 2832; x_wconf 90' lang='lat' dir='ltr'>morem,</span> <span class='ocrx_word' id='word_1_154' title='bbox 781 2764 990 2816; x_wconf 78' lang='lat' dir='ltr'>vestimenta</span> <span class='ocrx_word' id='word_1_155' title='bbox 1005 2770 1102 2816; x_wconf 87' lang='lat' dir='ltr'>sacra</span> <span class='ocrx_word' id='word_1_156' title='bbox 1116 2765 1269 2816; x_wconf 86' lang='lat' dir='ltr'>exueret.</span> 
     </span>
    </p>
   </div>
   <div class='ocr_carea' id='block_1_10' title="bbox 470 2852 1899 3218">
    <p class='ocr_par' dir='ltr' id='par_1_10' title="bbox 470 2852 1899 3218">
     <span class='ocr_line' id='line_1_20' title="bbox 516 2852 1899 2954; baseline 0.001 -33"><span class='ocrx_word' id='word_1_157' title='bbox 516 2853 534 2921; x_wconf 82' lang='lat'>3</span> <span class='ocrx_word' id='word_1_158' title='bbox 583 2853 730 2954; x_wconf 82' lang='lat' dir='ltr'>Legitur</span> <span class='ocrx_word' id='word_1_159' title='bbox 753 2853 789 2921; x_wconf 93' lang='lat' dir='ltr'>in</span> <span class='ocrx_word' id='word_1_160' title='bbox 815 2868 845 2921; x_wconf 84' lang='grc' dir='ltr'>ι·</span> <span class='ocrx_word' id='word_1_161' title='bbox 869 2852 1041 2921; x_wconf 90' lang='lat' dir='ltr'>editione:</span> <span class='ocrx_word' id='word_1_162' title='bbox 1059 2854 1092 2921; x_wconf 91' lang='lat' dir='ltr'>J.</span> <span class='ocrx_word' id='word_1_163' title='bbox 1117 2853 1237 2921; x_wconf 87' lang='lat' dir='ltr'>Dailei.</span> <span class='ocrx_word' id='word_1_164' title='bbox 1268 2854 1402 2921; x_wconf 92' lang='lat' dir='ltr'>Verum</span> <span class='ocrx_word' id='word_1_165' title='bbox 1450 2855 1508 2922; x_wconf 92' lang='lat' dir='ltr'>uia</span> <span class='ocrx_word' id='word_1_166' title='bbox 1532 2853 1671 2921; x_wconf 90' lang='lat' dir='ltr'>nullum</span> <span class='ocrx_word' id='word_1_167' title='bbox 1699 2854 1899 2943; x_wconf 91' lang='lat' dir='ltr'>reperimus</span> 
     </span>
     <span class='ocr_line' id='line_1_21' title="bbox 470 2875 1899 3042; baseline 0 -31"><span class='ocrx_word' id='word_1_168' title='bbox 470 2943 537 3011; x_wconf 93' lang='lat' dir='ltr'>hoc</span> <span class='ocrx_word' id='word_1_169' title='bbox 553 2963 695 3010; x_wconf 90' lang='lat' dir='ltr'>nomme</span> <span class='ocrx_word' id='word_1_170' title='bbox 722 2942 938 3009; x_wconf 89' lang='lat' dir='ltr'>monachum</span> <span class='ocrx_word' id='word_1_171' title='bbox 965 2941 999 3009; x_wconf 93' lang='lat' dir='ltr'>in</span> <span class='ocrx_word' id='word_1_172' title='bbox 1024 2941 1153 3008; x_wconf 90' lang='lat' dir='ltr'>chartis</span> <span class='ocrx_word' id='word_1_173' title='bbox 1174 2940 1324 3029; x_wconf 87' lang='lat' dir='ltr'>publicis</span> <span class='ocrx_word' id='word_1_174' title='bbox 1350 2941 1409 3009; x_wconf 91' lang='lat' dir='ltr'>ubi</span> <span class='ocrx_word' id='word_1_175' title='bbox 1425 2875 1635 3010; x_wconf 49' lang='lat' dir='ltr'>Vonventus</span> <span class='ocrx_word' id='word_1_176' title='bbox 1651 2959 1899 3042; x_wconf 83' lang='lat' dir='ltr'>percensetur,</span> 
     </span>
     <span class='ocr_line' id='line_1_22' title="bbox 470 3028 1899 3121; baseline 0.001 -23"><span class='ocrx_word' id='word_1_177' title='bbox 470 3031 564 3098; x_wconf 91' lang='lat' dir='ltr'>idem</span> <span class='ocrx_word' id='word_1_178' title='bbox 586 3030 689 3099; x_wconf 92' lang='lat' dir='ltr'>nobis</span> <span class='ocrx_word' id='word_1_179' title='bbox 705 3029 935 3097; x_wconf 89' lang='lat' dir='ltr'>videturesse</span> <span class='ocrx_word' id='word_1_180' title='bbox 952 3051 991 3097; x_wconf 91' lang='lat' dir='ltr'>ac</span> <span class='ocrx_word' id='word_1_181' title='bbox 1012 3030 1045 3097; x_wconf 90' lang='lat' dir='ltr'>J.</span> <span class='ocrx_word' id='word_1_182' title='bbox 1065 3030 1193 3117; x_wconf 87' lang='lat' dir='ltr'>Darley</span> <span class='ocrx_word' id='word_1_183' title='bbox 1207 3029 1249 3096; x_wconf 91' lang='lat' dir='ltr'>de</span> <span class='ocrx_word' id='word_1_184' title='bbox 1267 3051 1339 3117; x_wconf 94' lang='lat' dir='ltr'>quo</span> <span class='ocrx_word' id='word_1_185' title='bbox 1360 3045 1481 3121; x_wconf 85' lang='lat' dir='ltr'>agetur</span> <span class='ocrx_word' id='word_1_186' title='bbox 1496 3054 1530 3120; x_wconf 92' lang='lat' dir='ltr'>p.</span> <span class='ocrx_word' id='word_1_187' title='bbox 1559 3030 1620 3098; x_wconf 82' lang='lat'>123</span> <span class='ocrx_word' id='word_1_188' title='bbox 1643 3053 1679 3098; x_wconf 84' lang='lat' dir='ltr'>tn</span> <span class='ocrx_word' id='word_1_189' title='bbox 1694 3028 1819 3113; x_wconf 87' lang='lat' dir='ltr'>medio,</span> <span class='ocrx_word' id='word_1_190' title='bbox 1838 3030 1899 3119; x_wconf 91' lang='lat' dir='ltr'>qui</span> 
     </span>
     <span class='ocr_line' id='line_1_23' title="bbox 470 3116 1899 3218; baseline -0.001 -30"><span class='ocrx_word' id='word_1_191' title='bbox 470 3116 648 3188; x_wconf 90' lang='lat' dir='ltr'>Ordinem</span> <span class='ocrx_word' id='word_1_192' title='bbox 663 3117 796 3185; x_wconf 91' lang='lat' dir='ltr'>sinente</span> <span class='ocrx_word' id='word_1_193' title='bbox 814 3118 908 3218; x_wconf 79' lang='lat' dir='ltr'>Rege</span> <span class='ocrx_word' id='word_1_194' title='bbox 927 3116 1080 3185; x_wconf 88' lang='lat' dir='ltr'>deseruit</span> <span class='ocrx_word' id='word_1_195' title='bbox 1095 3118 1149 3206; x_wconf 84' lang='lat' dir='ltr'>(ex</span> <span class='ocrx_word' id='word_1_196' title='bbox 1169 3117 1291 3185; x_wconf 89' lang='lat' dir='ltr'>litteris</span> <span class='ocrx_word' id='word_1_197' title='bbox 1307 3117 1472 3186; x_wconf 93' lang='lat' dir='ltr'>Londinii</span> <span class='ocrx_word' id='word_1_198' title='bbox 1491 3119 1524 3186; x_wconf 92' lang='lat' dir='ltr'>in</span> <span class='ocrx_word' id='word_1_199' title='bbox 1543 3116 1683 3186; x_wconf 83' lang='lat' dir='ltr'>Record</span> <span class='ocrx_word' id='word_1_200' title='bbox 1702 3118 1806 3209; x_wconf 88' lang='lat' dir='ltr'>Office</span> <span class='ocrx_word' id='word_1_201' title='bbox 1825 3140 1899 3186; x_wconf 89' lang='lat' dir='ltr'>ser·</span> 
     </span>
    </p>
   </div>
   <div class='ocr_carea' id='block_1_11' title="bbox 470 3204 1899 3361">
    <p class='ocr_par' dir='ltr' id='par_1_11' title="bbox 470 3204 1899 3361">
     <span class='ocr_line' id='line_1_24' title="bbox 470 3204 1899 3361; baseline 0 -87"><span class='ocrx_word' id='word_1_202' title='bbox 470 3206 583 3293; x_wconf 84' lang='lat' dir='ltr'>vatis.)</span> <span class='ocrx_word' id='word_1_203' title='bbox 602 3205 710 3306; x_wconf 84' lang='lat' dir='ltr'>Quod</span> <span class='ocrx_word' id='word_1_204' title='bbox 727 3221 889 3361; x_wconf 48' lang='lat' dir='ltr'>congruit</span> <span class='ocrx_word' id='word_1_205' title='bbox 903 3227 986 3273; x_wconf 90' lang='lat' dir='ltr'>cum</span> <span class='ocrx_word' id='word_1_206' title='bbox 1008 3206 1062 3274; x_wconf 93' lang='lat' dir='ltr'>his</span> <span class='ocrx_word' id='word_1_207' title='bbox 1078 3204 1196 3273; x_wconf 90' lang='lat' dir='ltr'>verbis</span> <span class='ocrx_word' id='word_1_208' title='bbox 1212 3206 1365 3274; x_wconf 87' lang='lat' dir='ltr'>auctoris</span> <span class='ocrx_word' id='word_1_209' title='bbox 1382 3205 1515 3274; x_wconf 86' lang='lat' dir='ltr'>nostri:</span> <span class='ocrx_word' id='word_1_210' title='bbox 1540 3234 1556 3267; x_wconf 75' lang='grc' dir='ltr'>α</span> <span class='ocrx_word' id='word_1_211' title='bbox 1578 3205 1739 3275; x_wconf 83' lang='lat' dir='ltr'>exierunt</span> <span class='ocrx_word' id='word_1_212' title='bbox 1754 3229 1774 3275; x_wconf 91' lang='lat' dir='ltr'>a</span> <span class='ocrx_word' id='word_1_213' title='bbox 1794 3206 1899 3276; x_wconf 91' lang='lat' dir='ltr'>nobis</span> 
     </span>
    </p>
   </div>
   <div class='ocr_carea' id='block_1_12' title="bbox 470 3292 1222 3384">
    <p class='ocr_par' dir='ltr' id='par_1_12' title="bbox 470 3292 1222 3384">
     <span class='ocr_line' id='line_1_25' title="bbox 470 3292 1222 3384; baseline 0 -22"><span class='ocrx_word' id='word_1_214' title='bbox 470 3315 534 3384; x_wconf 90' lang='lat' dir='ltr'>per</span> <span class='ocrx_word' id='word_1_215' title='bbox 548 3294 767 3362; x_wconf 84' lang='lat' dir='ltr'>licentram...</span> <span class='ocrx_word' id='word_1_216' title='bbox 820 3294 906 3384; x_wconf 84' lang='lat' dir='ltr'>egis.</span> <span class='ocrx_word' id='word_1_217' title='bbox 931 3320 948 3355; x_wconf 91' lang='lat'>»</span> <span class='ocrx_word' id='word_1_218' title='bbox 969 3317 1004 3384; x_wconf 90' lang='lat' dir='ltr'>p.</span> <span class='ocrx_word' id='word_1_219' title='bbox 1022 3293 1068 3378; x_wconf 92' lang='lat'>84</span> <span class='ocrx_word' id='word_1_220' title='bbox 1088 3293 1125 3361; x_wconf 88' lang='lat' dir='ltr'>in</span> <span class='ocrx_word' id='word_1_221' title='bbox 1132 3292 1222 3383; x_wconf 86' lang='lat' dir='ltr'>fine.</span> 
     </span>
    </p>
   </div>
   <div class='ocr_carea' id='block_1_13' title="bbox 1103 3521 1272 3611">
    <p class='ocr_par' dir='ltr' id='par_1_13' title="bbox 1103 3521 1272 3611">
     <span class='ocr_line' id='line_1_26' title="bbox 1103 3521 1272 3611; baseline 0.006 -23"><span class='ocrx_word' id='word_1_222' title='bbox 1103 3522 1188 3611; x_wconf 87' lang='lat' dir='ltr'>Pag.</span> <span class='ocrx_word' id='word_1_223' title='bbox 1215 3521 1272 3589; x_wconf 88' lang='lat'>85.</span> 
     </span>
    </p>
   </div>
   <div class='ocr_carea' id='block_1_14' title="bbox 468 3713 1896 3895">
    <p class='ocr_par' dir='ltr' id='par_1_14' title="bbox 468 3713 1896 3895">
     <span class='ocr_line' id='line_1_27' title="bbox 519 3713 1896 3806; baseline 0.002 -24"><span class='ocrx_word' id='word_1_224' title='bbox 519 3737 531 3782; x_wconf 88' lang='lat'>1</span> <span class='ocrx_word' id='word_1_225' title='bbox 583 3716 628 3783; x_wconf 88' lang='lat' dir='ltr'>D.</span> <span class='ocrx_word' id='word_1_226' title='bbox 648 3713 837 3783; x_wconf 91' lang='lat' dir='ltr'>Mauritius</span> <span class='ocrx_word' id='word_1_227' title='bbox 854 3715 1130 3785; x_wconf 89' lang='lat' dir='ltr'>Londiniensem</span> <span class='ocrx_word' id='word_1_228' title='bbox 1151 3716 1306 3783; x_wconf 89' lang='lat' dir='ltr'>Domum</span> <span class='ocrx_word' id='word_1_229' title='bbox 1333 3715 1491 3784; x_wconf 84' lang='lat' dir='ltr'>Matrem</span> <span class='ocrx_word' id='word_1_230' title='bbox 1507 3738 1608 3784; x_wconf 90' lang='lat' dir='ltr'>suam</span> <span class='ocrx_word' id='word_1_231' title='bbox 1635 3731 1759 3802; x_wconf 76' lang='lat' dir='ltr'>vocat,</span> <span class='ocrx_word' id='word_1_232' title='bbox 1774 3717 1896 3806; x_wconf 80' lang='lat' dir='ltr'>frater</span> 
     </span>
     <span class='ocr_line' id='line_1_28' title="bbox 468 3801 1692 3895; baseline 0.002 -25"><span class='ocrx_word' id='word_1_233' title='bbox 468 3816 587 3871; x_wconf 84' lang='lat' dir='ltr'>autem</span> <span class='ocrx_word' id='word_1_234' title='bbox 603 3802 733 3870; x_wconf 82' lang='lat' dir='ltr'>matris</span> <span class='ocrx_word' id='word_1_235' title='bbox 749 3802 823 3890; x_wconf 90' lang='lat' dir='ltr'>ejus</span> <span class='ocrx_word' id='word_1_236' title='bbox 837 3802 947 3871; x_wconf 88' lang='lat' dir='ltr'>Vallis</span> <span class='ocrx_word' id='word_1_237' title='bbox 963 3801 1095 3872; x_wconf 87' lang='lat' dir='ltr'>Gratiae</span> <span class='ocrx_word' id='word_1_238' title='bbox 1110 3819 1173 3887; x_wconf 89' lang='lat' dir='ltr'>est,</span> <span class='ocrx_word' id='word_1_239' title='bbox 1192 3803 1251 3871; x_wconf 94' lang='lat' dir='ltr'>ubi</span> <span class='ocrx_word' id='word_1_240' title='bbox 1273 3821 1440 3893; x_wconf 86' lang='lat' dir='ltr'>exceptus</span> <span class='ocrx_word' id='word_1_241' title='bbox 1456 3820 1508 3873; x_wconf 91' lang='lat' dir='ltr'>est</span> <span class='ocrx_word' id='word_1_242' title='bbox 1524 3804 1692 3895; x_wconf 91' lang='lat' dir='ltr'>hospitio.</span> 
     </span>
    </p>
   </div>
   <div class='ocr_carea' id='block_1_15' title="bbox 1097 4033 1267 4123">
    <p class='ocr_par' dir='ltr' id='par_1_15' title="bbox 1097 4033 1267 4123">
     <span class='ocr_line' id='line_1_29' title="bbox 1097 4033 1267 4123; baseline 0.012 -23"><span class='ocrx_word' id='word_1_243' title='bbox 1097 4033 1182 4123; x_wconf 85' lang='lat' dir='ltr'>Pag.</span> <span class='ocrx_word' id='word_1_244' title='bbox 1209 4033 1267 4102; x_wconf 87' lang='lat'>86.</span> 
     </span>
    </p>
   </div>
   <div class='ocr_carea' id='block_1_16' title="bbox 519 4224 1266 4536">
    <p class='ocr_par' dir='ltr' id='par_1_16' title="bbox 519 4224 1266 4536">
     <span class='ocr_line' id='line_1_30' title="bbox 519 4224 1102 4316; baseline 0 -22"><span class='ocrx_word' id='word_1_245' title='bbox 519 4247 530 4294; x_wconf 92' lang='lat'>1</span> <span class='ocrx_word' id='word_1_246' title='bbox 581 4224 672 4293; x_wconf 91' lang='lat' dir='ltr'>Vide</span> <span class='ocrx_word' id='word_1_247' title='bbox 685 4247 765 4316; x_wconf 83' lang='lat' dir='ltr'>pag.</span> <span class='ocrx_word' id='word_1_248' title='bbox 787 4247 842 4293; x_wconf 80' lang='lat' dir='ltr'>xrr</span> <span class='ocrx_word' id='word_1_249' title='bbox 861 4240 895 4294; x_wconf 95' lang='lat' dir='ltr'>et</span> <span class='ocrx_word' id='word_1_250' title='bbox 922 4242 1042 4294; x_wconf 91' lang='lat' dir='ltr'>notam</span> <span class='ocrx_word' id='word_1_251' title='bbox 1070 4226 1102 4294; x_wconf 82' lang='lat'>3.</span> 
     </span>
     <span class='ocr_line' id='line_1_31' title="bbox 1096 4444 1266 4536; baseline -0.012 -23"><span class='ocrx_word' id='word_1_252' title='bbox 1096 4444 1181 4536; x_wconf 83' lang='lat' dir='ltr'>Pag.</span> <span class='ocrx_word' id='word_1_253' title='bbox 1208 4466 1266 4535; x_wconf 86' lang='lat'>91·</span> 
     </span>
    </p>
   </div>
   <div class='ocr_carea' id='block_1_17' title="bbox 519 4645 1099 4738">
    <p class='ocr_par' dir='ltr' id='par_1_17' title="bbox 519 4645 1099 4738">
     <span class='ocr_line' id='line_1_32' title="bbox 519 4645 1099 4738; baseline 0 -24"><span class='ocrx_word' id='word_1_254' title='bbox 519 4670 530 4714; x_wconf 90' lang='lat' dir='ltr'>r</span> <span class='ocrx_word' id='word_1_255' title='bbox 582 4645 672 4715; x_wconf 90' lang='lat' dir='ltr'>Vide</span> <span class='ocrx_word' id='word_1_256' title='bbox 692 4669 772 4738; x_wconf 79' lang='lat' dir='ltr'>pag.</span> <span class='ocrx_word' id='word_1_257' title='bbox 800 4667 865 4734; x_wconf 86' lang='lat'>¹04</span> <span class='ocrx_word' id='word_1_258' title='bbox 880 4662 913 4715; x_wconf 92' lang='lat' dir='ltr'>et</span> <span class='ocrx_word' id='word_1_259' title='bbox 929 4661 1052 4716; x_wconf 88' lang='lat' dir='ltr'>notam</span> <span class='ocrx_word' id='word_1_260' title='bbox 1069 4667 1099 4714; x_wconf 89' lang='lat'>2.</span> 
     </span>
    </p>
   </div>
   <div class='ocr_carea' id='block_1_18' title="bbox 0 0 2380 6404">
    <p class='ocr_par' dir='ltr' id='par_1_18' title="bbox 0 0 2380 6404">
     <span class='ocr_line' id='line_1_33' title="bbox 0 0 2380 6404; baseline 0 0"><span class='ocrx_word' id='word_1_261' title='bbox 0 0 2380 6404; x_wconf 95' lang='lat' dir='ltr'> </span> 
     </span>
    </p>
   </div>
  </div>
 </body>
</html>
