4740 6414
1232 632 1234 636 Β
1328 657 1570 740 -150-

954 1069 1133 1134 PASSIO
1163 1068 1466 1137 OCTODECIM
1500 1073 1956 1143 CARTUSIANORUM

736 1445 956 1525 PnAErAno
997 1502 1974 1535 ...............

736 1574 889 1661 CAPUT
927 1602 953 1657 1.
991 1622 1044 1634 —
1083 1575 1146 1659 De
1175 1578 1262 1660 vita
1291 1594 1439 1662 sancta
1472 1577 1634 1663 Prioris
1666 1580 1979 1666 londoniensis

814 1710 858 1790 in
887 1711 1214 1792 conversatione
1258 1740 1336 1794 sua
1377 1713 1544 1818 privata
1548 1776 1972 1799 .......

735 1841 887 1925 Cnpur
917 1868 958 1922 11.
989 1888 1043 1900 —
1083 1841 1142 1924 Ut
1179 1844 1222 1924 in
1264 1843 1565 1927 Sacristarium
1604 1844 1774 1930 Domus
1810 1846 1978 1931 Londo-

814 1975 977 2057 niensis
1006 1975 1133 2055 fuerit
1164 1977 1323 2058 electus
1342 2034 1971 2056 ..........

735 2135 969 2219 Com-111.
1012 2181 1065 2191 —
1109 2132 1167 2217 Ut
1200 2136 1315 2218 idem
1344 2137 1388 2218 in
1423 2135 1756 2222 Procuratorem
1786 2153 1828 2221 et
1857 2155 1976 2246 post-

814 2269 993 2350 modum
1014 2268 1058 2349 in
1080 2266 1274 2350 Priorem
1295 2284 1336 2349 et
1355 2268 1634 2352 Visitatorem
1652 2271 1813 2355 electus
1830 2272 1971 2356 fuerit.

734 2400 886 2484 CAPUT
936 2427 990 2482 ιν.
1046 2447 1098 2459 -
1146 2399 1210 2482 De
1255 2417 1404 2483 sancto
1446 2416 1485 2484 et
1533 2403 1719 2485 discreto
1767 2404 1976 2510 regimine

813 2531 975 2615 Prioris
1005 2533 1049 2614 in
1079 2532 1232 2614 officiis
1271 2546 1313 2615 et
1352 2533 1585 2615 virtutibus
1624 2534 1833 2639 ejusdem.
1894 2598 1903 2614 .
1963 2601 1971 2616 .

733 2665 886 2750 CAPUT
913 2690 952 2745 ν.
992 2709 1046 2724 -
1087 2661 1150 2746 De
1189 2665 1450 2769 perfectione
1494 2666 1733 2770 disciplinae
1764 2668 1976 2774 regularis

811 2814 853 2882 et
882 2811 1041 2879 sanctae
1077 2798 1417 2880 conversationis
1447 2827 1472 2880 a
1502 2799 1726 2881 monachis
1755 2800 1799 2880 in
1831 2798 1975 2883 Domo

811 2930 1104 3014 Londoniensi
1134 2930 1374 3011 observatae
1408 2987 1969 3009 .........

733 3062 886 3149 CAPUT
912 3089 968 3146 vl.
999 3109 1052 3123 -
1094 3059 1160 3145 De
1188 3061 1393 3146 uniformi
1424 3061 1700 3144 observantia
1736 3061 1856 3146 Sacri
1886 3063 1974 3150 Or-

810 3195 923 3278 dinis
961 3211 1003 3279 et
1045 3194 1402 3278 caeremoniarum
1446 3194 1760 3299 religiosarum·
1821 3255 1830 3272 .
1891 3256 1899 3272 .
1959 3261 1968 3276 .

733 3326 886 3411 CAPUT
912 3355 982 3410 vu.
1010 3326 1148 3410 -De
1178 3326 1333 3409 eximia
1354 3326 1616 3431 perfectione
1636 3340 1680 3408 et
1701 3327 1974 3432 simplicitate

811 3460 1004 3544 Fratrum
1047 3461 1280 3559 laicorum,
1325 3474 1366 3542 et
1403 3460 1456 3541 de
1491 3458 1699 3564 singulari
1743 3460 1970 3544 sanctitate

810 3594 1057 3698 aliquorum
1087 3591 1265 3675 Patrum
1271 3646 1968 3670 ...........

732 3724 885 3809 CAPUT
911 3752 996 3810 vm.
1038 3772 1091 3786 -
1128 3723 1193 3807 De
1227 3722 1445 3807 Fratribus
1480 3724 1678 3829 reprobis
1713 3753 1811 3809 cum
1843 3726 1973 3809 bonis

811 3859 998 3961 sociatis,
1037 3873 1079 3941 et
1120 3885 1271 3940 eorum
1308 3856 1488 3939 terribili
1533 3857 1759 3961 punitione
1818 3925 1825 3941 .
1889 3925 1896 3940 .
1959 3926 1966 3942 .

732 3987 884 4074 CAPUT
913 4016 966 4073 ιχ.
989 4037 1042 4051 -
1063 3987 1127 4074 De
1148 3989 1359 4096 prodigiis
1380 4003 1478 4070 ante
1500 3990 1755 4094 martyrium
1778 3988 1972 4074 Fratrum

808 4123 912 4205 visis
950 4139 991 4207 et
1030 4125 1084 4206 de
1122 4122 1438 4228 praeparatione
1473 4149 1625 4204 eorum
1659 4123 1713 4204 ad
1747 4139 1968 4206 mortem:

809 4257 951 4362 primo
980 4270 1159 4362 propter
1187 4256 1398 4337 secundas
1428 4254 1601 4361 nuptias
1632 4253 1776 4360 Regis,
1807 4269 1849 4338 et
1875 4270 1971 4338 tan·

808 4390 908 4473 dem
936 4388 1123 4472 finaliter
1151 4402 1330 4496 propter
1349 4387 1537 4469 schisma
1542 4445 1965 4464 .......

729 4519 883 4606 error
908 4547 949 4603 x.
981 4568 1034 4582 —
1062 4518 1127 4605 De
1147 4521 1391 4627 captivitate
1418 4534 1676 4625 torturaque
1692 4519 1826 4603 trIum
1850 4518 1969 4604 Prio-

808 4681 904 4737 rum
942 4667 984 4736 et
1021 4654 1228 4758 martyrio
1262 4679 1413 4736 eorum
1444 4666 1623 4759 propter
1650 4652 1969 4736 confessionem

805 4785 906 4869 fidei
936 4800 978 4869 et
1008 4784 1204 4870 Ecclesiae
1233 4783 1475 4868 Catholicae
1480 4843 1964 4867 ........

2113 1453 2166 1538 33

2112 1720 2166 1802 38

2108 2011 2164 2089 40

2109 2303 2165 2381 44

2108 2566 2161 2647 47

2105 2934 2158 3038 64

2106 3226 2154 3306 71

2104 3595 2157 3703 73

2104 3861 2159 3944 80

2102 4813 2157 4892 99
