1481 1781
551 255 657 275 -5,-.

247 316 316 331 mum.
329 308 350 330 Si
363 308 452 338 quando
463 308 551 338 aliquod
562 315 653 338 germen
665 308 814 331 amaritudinis
829 308 853 330 in
867 308 960 330 claustro

246 346 353 376 pullulare
366 345 480 374 timuisset,
495 345 538 368 cito
554 345 647 368 evellere
661 345 781 368 conabatur
795 351 912 375 antequam
926 344 960 367 ni-

247 382 316 406 mium
328 382 475 406 invalesceret.
487 384 537 405 Non
551 383 637 405 dicebat
650 392 654 405 :
670 383 762 406 Videant
772 382 810 411 illi,
823 388 961 413 compescant

247 420 337 451 seipsos3
350 420 388 443 sed
400 420 514 443 confestim
523 420 639 443 accedebat
649 420 677 443 ad
688 428 733 449 eos,
744 426 767 443 et
774 428 837 443 causa
845 420 961 450 diligenter
975 426 1106 455 afflffil‘nffi‘m

247 458 358 488 requisita,
368 457 411 480 suis
426 457 522 487 monitis,
533 458 599 480 modo
614 458 666 480 vino
680 458 746 480 modo
760 458 810 480 oleo
823 457 903 486 mixtis,
916 456 959 479 fre-

247 495 327 518 mitum
339 494 450 518 infernalis
461 495 534 518 bestiae
553 501 576 517 et
594 495 730 525 insurgentes
743 501 815 517 motus
826 495 921 518 sedabat.
936 497 961 518 Et

247 533 264 555 si
276 533 323 563 quis
335 538 411 555 contra
423 540 474 555 eum
486 532 605 555 concitatus
617 532 739 561 exstitisset,
749 532 779 555 ob
791 540 866 563 pacem
878 533 960 555 haben-

247 570 305 599 dum,
321 577 361 600 per
370 570 475 593 humilem
488 570 586 600 suiipsius
597 570 743 601 dejectionem
754 570 814 601 prior
826 570 911 593 veniam
922 578 960 601 pe-

248 613 295 630 tere
314 615 361 630 non
379 607 475 630 erubuit.
495 608 519 630 Et
538 607 637 637 quolibet
659 607 728 630 ferme
751 615 825 630 mense
844 608 915 638 palam
938 608 961 630 in

248 645 358 675 CapitultJ,
372 645 499 675 provolutus
517 645 616 675 genibus,
633 645 761 667 stillantibus
780 645 887 675 lacrymis,
901 647 960 668 Con-

248 688 339 705 ventum
350 682 441 712 rogabat
453 688 478 705 ut
486 690 562 704 omnes
570 690 619 705 suos
631 681 735 711 defectus,
745 682 895 712 negligentias,
906 683 962 705 mala

249 719 349 749 exempla
356 725 379 741 et
388 720 404 742 si
412 727 455 749 qua
463 719 595 750 hujusmodi,
604 719 644 742 sibi
652 720 798 749 ignoscerent,
809 727 908 743 accusans
916 720 962 750 qui—

249 757 299 779 dem
310 757 404 787 seipsum
416 756 440 779 in
452 757 533 785 multis,
544 764 593 779 curn
601 763 660 779 certe
668 765 697 779 ne
705 757 728 779 in
736 765 781 779 uno
792 756 881 787 quidem
893 758 961 781 ullum

249 794 386 823 offendebam
396 794 433 816 sed
442 794 493 824 quia
500 795 511 817 J
513 800 572 817 ustus
579 794 602 816 in
610 794 684 824 primis
690 800 801 817 accusator
811 800 843 817 est
852 794 892 823 sui,
901 802 962 817 vere·
992 802 1032 814 vm,
1039 805 1077 817 nm,
1088 805 1107 818 ¹⁷-

250 838 285 855 tur
296 839 385 862 quoque
397 839 464 862 opera
475 831 549 854 omnia
557 839 601 859 sua,
610 831 677 854 sciens
689 832 749 862 quod
760 833 819 854 Deus
831 840 878 854 non
889 838 963 862 parcet

250 868 393 899 delinquenti.
400 868 511 891 Multoties
520 868 586 891 etiam
595 868 681 892 dicebat
690 877 695 891 :
707 878 719 889 α
728 869 854 892 Sustineatis
862 869 961 898 obsecro,

250 906 337 937 piissimi
347 908 437 935 Fratres,
452 906 561 929 modicum
573 907 625 937 quid
636 907 764 937 insipientiae
775 915 829 929 meae
837 912 860 929 et
870 914 962 937 suppor-
992 912 1012 925 Ην
1020 912 1052 926 Cur-
1059 916 1078 929 ιι.
1086 916 1091 925 ·

250 950 295 967 tate
312 952 354 966 me.
377 944 472 967 Confido
486 944 509 966 in
526 944 622 966 Domino
639 952 674 966 me
690 952 737 967 non
753 944 824 967 facere
840 950 960 975 peceatum,

250 982 364 1004 humilians
375 981 482 1012 meipsum
494 987 519 1004 ut
530 989 567 1004 vos
580 981 713 1004 exaltemini.
725 981 828 1012 {nsipiens
836 981 904 1004 factus
914 989 962 1004 sum

250 1025 340 1050 propter
355 1027 401 1047 vos,
411 1027 449 1042 vos
459 1027 494 1041 me
506 1019 615 1049 coegistis;
630 1024 655 1041 ut
670 1019 788 1049 prudentes
802 1027 840 1042 vos
856 1019 908 1048 sitis,
920 1027 963 1049 ego

250 1056 313 1079 facio.
328 1056 406 1087 Capite
422 1064 466 1085 me,
483 1056 517 1079 vel
537 1062 562 1079 ut
580 1056 718 1086 insipientem
739 1056 828 1086 accipite
848 1064 891 1079 me.
907 1065 919 1078 ι
940 1058 963 1080 0

249 1102 333 1117 summa
345 1093 454 1116 humilitas
465 1099 488 1115 et
499 1093 595 1124 perfecta
610 1093 709 1122 charitas,
720 1094 816 1116 nesciens
830 1093 909 1123 inflari,
923 1101 963 1117 nec

250 1139 299 1162 quae
309 1139 347 1154 sua
358 1137 410 1154 sunt
419 1138 516 1161 quaerere
528 1137 553 1153 ut
564 1131 616 1153 alios
628 1130 746 1153 lucrifaciat
755 1132 760 1153 !
775 1131 835 1158 Quid
847 1131 963 1161 perfectius

250 1169 290 1191 hac
308 1168 421 1196 charitate,
437 1174 459 1191 et
476 1168 529 1198 quid
543 1168 654 1191 sublimius
668 1169 708 1191 hac
722 1168 890 1191 humiliatione?
906 1170 963 1191 Vere

250 1205 324 1229 didicit
342 1206 396 1228 illud
412 1205 511 1229 divinum
524 1214 528 1228 :
550 1208 641 1233 Quanto
657 1207 727 1237 major
742 1214 771 1235 es,
789 1206 880 1228 humilia
898 1212 920 1228 te
940 1205 963 1229 in
992 1212 1036 1225 Emi.
1044 1216 1064 1228 m,
1074 1216 1094 1225 ²³-

250 1243 356 1266 omnibus.
370 1244 395 1266 Et
405 1243 529 1274 adimplevit
542 1243 595 1265 illud
606 1243 705 1273 Apostoli
716 1252 720 1265 z
736 1243 757 1265 Si
771 1243 819 1273 quis
832 1243 918 1266 videtur
928 1243 963 1266 in-

250 1287 285 1303 ter
296 1288 334 1303 vos
345 1280 429 1311 sapiens
436 1288 481 1303 esse
492 1281 516 1303 in
528 1281 570 1303 hoc
578 1281 662 1309 saeculo,
672 1280 749 1303 stultus
756 1280 795 1303 fiat
803 1286 828 1304 ut
835 1280 862 1303 sit
870 1280 961 1311 sapiens.
993 1288 1005 1300 ι.
1013 1288 1045 1301 cor.
1055 1292 1075 1304 m.
1085 1289 1104 1302 ιε,
