4776 6390
1368 696 1582 773 ..24-

768 899 995 999 postquam
1033 878 1301 968 serenissima
1336 884 1532 1004 Majestas
1555 879 1684 1000 hujus
1706 881 1770 971 rei
1794 887 2057 1005 cognoverit
2085 892 2192 981 veri·

769 1050 919 1142 tatem,
946 1027 1029 1116 erit
1052 1057 1180 1149 supra
1202 1029 1383 1117 modum
1406 1027 1568 1118 offensa
1591 1029 1848 1150 quibusdam
1881 1034 2098 1159 Episcopis
2123 1042 2191 1161 qui

768 1177 851 1267 hoc
873 1176 933 1265 illi
955 1177 1181 1266 consilium
1201 1179 1431 1268 dederunt.
1455 1215 1478 1261 u

832 1332 931 1417 Post
952 1329 1042 1417 haec
1065 1326 1353 1416 mandabatur
1374 1327 1414 1416 ei
1440 1359 1495 1416 ne
1517 1329 1631 1417 ultra
1653 1332 1925 1451 loqueretur,
1953 1335 2031 1423 sed
2057 1337 2192 1427 solum

766 1477 1048 1597 responderet
1076 1478 1129 1566 ad
1160 1478 1243 1566 hoc
1269 1477 1388 1598 quod
1415 1507 1585 1566 causam
1618 1508 1799 1599 gravare
1832 1481 2085 1599 videbatur,
2113 1517 2193 1606 qua

764 1625 962 1715 videlicet
985 1625 1154 1715 ratione
1177 1626 1283 1747 ipse,
1300 1627 1606 1746 pergrandem
1629 1627 1853 1745 malitiam,
1873 1653 2031 1721 contra
2046 1658 2192 1724 aucto·

764 1774 938 1864 ritatem
963 1775 1087 1895 Regis
1109 1774 1224 1864 intra
1246 1805 1431 1894 regnum
1448 1776 1595 1866 multis
1611 1776 1856 1868 dissuadere
1866 1810 1958 1870 non
1968 1806 2193 1883 vereretur

765 1956 820 2015 ne
844 1925 1041 2047 opinioni
1069 1926 1211 2046 Regiae
1234 1925 1467 2048 Majestatis
1490 1947 1535 2014 et
1559 1926 1818 2017 Parlamenti
1851 1932 2165 2022 consentirent.

474 2097 675 2224 ‘pffffifmf
699 2112 738 2147 re·
827 2082 940 2166 Tum
965 2076 1067 2166 ille:
1097 2113 1120 2161 a
1146 2081 1249 2197 Ego,
1275 2076 1433 2198 inquit,
1466 2074 1589 2166 vobis
1621 2078 1866 2196 respondeo
1897 2079 2129 2199 primum:
2162 2082 2191 2172 si

764 2249 922 2316 starem
948 2224 994 2315 in
1015 2225 1175 2350 judicio
1199 2255 1347 2315 coram
1373 2231 1482 2341 Deo,
1509 2223 1786 2316 manifestum
1815 2227 1943 2318 fieret
1967 2261 2191 2353 nunquam

765 2407 835 2464 me
865 2396 1017 2464 contra
1043 2381 1205 2494 Regem
1240 2405 1320 2465 nec
1355 2397 1508 2464 contra
1534 2405 1854 2498 quamcumque
1885 2379 2013 2468 aliam
2045 2411 2189 2502 perso·

764 2555 882 2639 nam,
918 2554 996 2644 per
1033 2523 1240 2613 malitiam
1274 2525 1506 2614 declarasse
1548 2555 1691 2613 meam
1730 2527 1987 2647 opinionem
2023 2531 2191 2619 homini

763 2673 1020 2795 cuicumque
1038 2674 1224 2790 viventi3
1246 2677 1320 2764 sed
1344 2672 1500 2795 quibus
1516 2672 1714 2762 resistere
1729 2705 1822 2764 non
1836 2677 1977 2797 potui,
2005 2680 2062 2768 ad
2084 2712 2190 2769 exo·

765 2822 1007 2913 nerandum
1040 2855 1182 2913 meam
1220 2823 1442 2946 propriam
1474 2821 1799 2938 conscientiam,
1834 2824 1878 2912 id
1913 2828 2110 2919 commisi
2148 2831 2190 2919 in

762 2971 1046 3063 confessione.
1063 2979 1227 3063 Verum
1249 2997 1314 3063 est
1332 3004 1402 3060 me
1419 2974 1705 3063 vehementer
1720 2972 1849 3064 fuisse
1865 2978 2188 3093 contristatum,

761 3145 991 3246 postquam
1021 3122 1335 3213 serenissimam
1366 3126 1637 3246 Majestatem
1665 3123 1713 3212 in
1736 3146 1861 3213 tanto
1888 3126 2190 3247 deprehende-

761 3303 854 3363 ram
887 3303 1054 3388 errore,
1083 3274 1157 3362 sed
1188 3303 1413 3393 nunquam
1446 3271 1549 3361 inde
1584 3272 1753 3363 locutus
1782 3306 1877 3364 sum
1903 3275 2031 3365 aliter
2060 3309 2189 3398 quam

761 3422 866 3518 dixi.
896 3428 944 3513 Et
976 3421 1009 3513 si
1041 3444 1146 3513 tunc
1177 3453 1269 3511 non
1300 3422 1579 3511 declarassem
1619 3453 1762 3511 meam
1795 3425 2075 3541 sententiam,
2106 3459 2191 3549 ego

760 3577 848 3696 jam
864 3573 1149 3686 declararem;
1180 3571 1389 3692 quoniam
1412 3570 1460 3660 in
1483 3570 1563 3660 hac
1587 3595 1710 3692 parte
1733 3573 1950 3694 obligatus
1973 3605 2069 3665 sum
2097 3581 2193 3668 Deo

761 3744 807 3812 et
831 3721 1104 3812 conscientiae
1127 3752 1251 3836 meae,
1276 3743 1322 3810 et
1348 3721 1395 3809 in
1423 3719 1579 3810 talibus
1609 3725 1705 3844 jure
1729 3753 1821 3812 non
1847 3754 2022 3844 possum
2049 3727 2193 3817 offen*

762 3872 865 3962 dere
906 3870 1150 3992 Principem
1185 3901 1332 3959 meum
1366 3900 1447 3959 nec
1477 3869 1672 3989 quemvis
1706 3870 1854 3961 alium.
1878 3910 1901 3956 u
1938 3874 2051 3964 Hinc
2075 3876 2193 3966 illico

761 4020 1013 4143 impositum
1035 4019 1075 4109 ei
1101 4016 1184 4109 fuit
1206 4018 1440 4108 silentium.
1472 4025 1636 4109 Verum
1658 4021 1730 4110 ille
1755 4058 1763 4110 :
1794 4030 2073 4146 «Postquam
2099 4059 2193 4118 non

760 4171 901 4287 vultis,
931 4169 1090 4291 inquit,
1121 4170 1241 4291 quod
1267 4167 1451 4289 amplius
1476 4170 1645 4291 loquar,
1671 4173 1909 4263 secundum
1939 4175 2080 4295 legem
2115 4209 2193 4266 ve·

760 4344 891 4412 stram
912 4352 984 4411 me
1007 4320 1211 4445 judicate.
1240 4358 1263 4404 »

822 4474 927 4563 Inde
953 4502 1054 4561 cum
1081 4468 1268 4560 audisset
1299 4501 1325 4558 a
1349 4469 1579 4559 duodecim
1610 4468 1711 4559 viris
1740 4472 1794 4560 ad
1824 4472 1909 4562 hoc
1937 4472 2115 4565 delectis
2147 4508 2193 4567 se

759 4621 1041 4711 condemnari
1078 4650 1205 4710 reum
1237 4619 1404 4734 mortis,
1440 4619 1549 4709 dixit
1582 4650 1681 4709 cum
1712 4650 1871 4741 magna
1902 4624 2190 4716 constantia:

501 4787 599 4839 Joann·
617 4801 663 4848 ιιι,
680 4788 721 4840 ³1-
762 4808 784 4854 «
809 4777 904 4861 Hoc
929 4795 993 4860 est
1015 4769 1225 4894 judicium
1250 4768 1417 4858 mundi.
1443 4807 1464 4852 »
1497 4767 1662 4858 Deinde
1688 4768 1940 4891 supplicavit
1967 4772 2197 4868 Judicibus
