4740 6414
902 1315 1144 1421 CAPUT
1196 1313 1690 1419 DUODECIMUM

583 1702 655 1803 Da
681 1697 971 1800 roustautium
998 1698 1211 1801 Fratrum
1237 1697 1535 1834 soporatiom;
1562 1688 1613 1794 dr
1635 1688 1779 1795 doram
1797 1694 2015 1797 Fratrum

628 1865 965 1968 incarceratione
991 1880 1031 1966 rt
1057 1880 1208 1985 morta,
1237 1859 1369 2002 dequo
1402 1861 1720 1965 mmauautium
1749 1862 1965 1965 Fratrum

826 2029 1062 2170 deceptione
1089 2048 1136 2134 ut
1156 2033 1356 2170 jurarout
1383 2029 1431 2133 iu
1457 2023 1590 2131 norbo
1618 2027 1764 2164 Regis.

624 2661 883 3240 C
923 2673 1350 2758 ONSIDERANTES
1374 2668 1522 2788 itaque
1545 2666 1710 2757 domini
1739 2666 1864 2787 Regis
1893 2672 2016 2757 Con·

922 2817 1065 2906 siliarii
1098 2848 1254 2906 cassam
1287 2815 1382 2905 fore
1408 2847 1586 2905 omnem
1613 2847 1734 2906 suam
1757 2814 2017 2905 industriam

923 2989 968 3056 et
990 2968 1201 3082 laborem,
1229 2989 1273 3055 et
1297 2967 1416 3087 quod
1448 2968 1570 3056 nullo
1603 2966 1736 3055 modo
1763 2987 2016 3086 pervertere

923 3146 997 3204 eos
1018 3138 1212 3236 possent3
1238 3115 1387 3236 iniqua
1409 3114 1572 3236 pietate
1596 3113 1821 3225 commoti,
1842 3144 2016 3235 separa·

296 3310 391 3408 „ab
423 3295 496 3408 pp
517 3310 559 3346 ex·
586 3288 745 3355 verunt
772 3296 847 3354 eos
877 3265 931 3355 ab
961 3265 1161 3379 invicem,
1195 3264 1443 3354 emittentes
1468 3287 1555 3353 tres
1584 3295 1641 3352 ex
1665 3262 1878 3384 praedictis
1907 3293 2016 3383 qua·

587 3436 704 3530 tuor,
725 3416 929 3538 adjuncto
952 3436 997 3502 et
1022 3415 1105 3503 alio
1124 3414 1214 3535 (qui
1240 3412 1387 3503 suisset
1404 3437 1583 3535 quartus
1604 3413 1743 3534 prima
1759 3412 1846 3529 die,
1867 3411 1900 3502 si
1923 3442 2017 3501 non

587 3565 781 3654 sacerdos
817 3563 1180 3654 hebdomadarius
1216 3565 1369 3652 eadem
1402 3564 1471 3652 die
1512 3561 1787 3680 exstitisset),
1828 3561 1875 3649 in
1911 3562 2018 3651 duas

586 3714 687 3803 alias
715 3717 879 3802 Domus
910 3712 1045 3801 nostri
1078 3711 1272 3826 Ordinis,
1299 3712 1345 3800 in
1375 3711 1581 3801 extremis
1617 3710 1741 3832 regni
1774 3710 2014 3833 partibus¹,

587 3886 744 3984 quarto
760 3861 831 3950 die
854 3861 970 3976 Maii,
996 3892 1113 3950 anno
1134 3861 1310 3949 Domini
1335 3888 1378 3984 15
1395 3859 1460 3983 36,
1481 3862 1639 3950 eodem
1656 3861 1814 3952 scilicet
1832 3860 1903 3949 die
1923 3891 2015 3980 quo

587 4033 632 4099 et
655 4033 823 4100 sanctus
855 4016 982 4099 Pater
1009 4032 1158 4099 noster
1189 4041 1333 4130 passus
1362 4032 1441 4124 est,
1470 4040 1588 4099 anno
1624 4012 1817 4100 evoluto.
1853 4014 1903 4098 In
1934 4008 2018 4098 hoc

588 4182 734 4250 autem
764 4190 928 4273 mense,
957 4183 1002 4248 et
1028 4190 1175 4248 mense
1201 4158 1334 4272 iunii,
1361 4189 1440 4279 per
1464 4158 1696 4249 continuos
1719 4180 1911 4280 quatuor
1936 4188 2015 4247 an-

588 4322 707 4424 nos²,
730 4309 916 4398 maxime
931 4308 1133 4398 efferbuit
1150 4308 1337 4429 impetus
1359 4307 1649 4400 tribulationis
1665 4331 1840 4421 nostrae,
1860 4338 2016 4428 quam-

587 4459 648 4548 vis
684 4481 730 4547 et
761 4458 850 4547 aliis
882 4458 1152 4579 temporibus
1192 4488 1283 4547 non
1317 4459 1639 4548 delectabamur
1672 4485 1941 4579 magnopere
1972 4455 2018 4544 in

354 4641 475 4690 snus
495 4643 532 4678 ¹¹·
587 4607 866 4698 multitudine
896 4609 1020 4729 pacis.
1057 4616 1188 4697 Anno
1221 4606 1339 4695 enim
1373 4606 1551 4696 Domini
1574 4634 1686 4730 1534
1709 4605 1849 4727 prima
1872 4604 2015 4697 incar·

588 4759 749 4848 ceratio
774 4757 908 4847 Patris
932 4757 1068 4847 nostri
1095 4758 1261 4872 accidit,
1284 4758 1330 4846 in
1353 4787 1502 4846 mense
1527 4755 1640 4845 Maii.
1670 4755 1828 4846 Eodem
1848 4784 2012 4867 mense,
